2843 3623
1310 177 1317 184 ·
1370 146 1405 197 6

461 316 744 371 Postremo,
781 314 827 362 si
858 331 919 363 ea
948 315 1130 365 fuisset
1162 319 1289 364 Tae
1317 315 1588 372 sententia,
1623 332 1727 363 non
1751 313 1839 363 {ric
1873 312 2084 370 deman,
2117 312 2264 363 sed
2243 329 2345 362 ram
2363 327 2516 378 supra*

264 401 531 449 dicendum
559 401 733 449 fuisset
766 416 866 448 tunc
906 423 934 449 a
966 411 1094 450 victis
1127 410 1179 449 ob
1212 417 1370 450 metum
1407 409 1606 453 Germani
1636 410 1785 448 vocati
1814 410 1918 449 sint.

463 509 710 568 Tertiam,
770 520 897 577 qnae
926 511 1199 559 reiicienda
1227 510 1444 568 videtur,
1490 509 1977 578 interpretatIonem,
2026 525 2175 575 quam
2222 497 2522 575 Profitenfu‘r‘

263 594 440 659 Hanff,
473 597 697 655 Brotier,
731 596 782 646 l‘a
813 597 1053 657 Bleterie,
1098 599 1146 647 la
1179 597 1354 657 Malle,
1396 597 1677 658 Valeriani,
1720 598 1874 656 Hess,
1909 595 2078 646 Luden
2090 630 2107 659 ,
2136 590 2361 654 'Buelau,
2408 593 2519 657 alii,

203 669 212 678 ⁰
257 684 477 751 primum
501 684 844 751 'Com-ingiam
887 687 1156 754 protulisse
1202 687 1424 753 reperio,
1479 686 1565 752 qui
1609 679 1835 752 „Tungri
1885 685 1965 745 hi,
2017 684 2214 752 inquit,
2259 672 2513 733 Gallorum

263 774 480 820 victores
507 773 571 820 ad
606 792 778 822 omnes
801 777 1210 824 Transrhenanos
1238 792 1421 822 nomen
1438 775 1537 823 hoe
1564 791 1707 822 suum
1730 768 2102 838 transtulerunt,
2142 791 2259 839 quo
2292 775 2520 819 metum

260 859 691 911 incuterentf‘

462 971 679 1017 Primum
715 971 1091 1029 dubitationem,
1128 972 1181 1018 in
1216 991 1364 1037 quam
1396 974 1520 1020 haec
1555 972 1850 1037 significatio
1885 969 2270 1039 praepositionis
2304 974 2355 1014 ob
2390 965 2516 1029 (nisi

260 1057 531 1124 participio
564 1057 655 1107 fut.
688 1076 824 1125 pass.
859 1055 1122 1123 adiuncto)
1157 1077 1188 1108 a
1218 1058 1384 1108 multis
1420 1071 1598 1111 vocata
1629 1072 1729 1118 est,
1766 1077 1796 1108 a
1831 1060 2028 1108 nemine
2065 1056 2307 1107 sublatam
2347 1053 2514 1111 video,

260 1162 426 1209 neque
457 1145 565 1210 ipse
598 1145 776 1194 tollere
809 1164 1036 1213 possum.
1100 1159 1110 1166 ·
2066 1135 2070 1137 ’

459 1254 654 1303 Deinde
691 1269 868 1305 contra
902 1256 1055 1304 animi
1086 1238 1234 1321 leges
1255 1274 1488 1322 expressa
1512 1268 1642 1306 esset
1663 1256 1787 1304 haec
1811 1255 2076 1304 sententias
2136 1251 2335 1301 Etenim
2363 1248 2513 1298 verkia-

262 1363 290 1390 a
323 1352 513 1401 victore,
550 1344 593 1391 si
629 1344 693 1392 ad
731 1346 961 1409 Tungros
998 1361 1058 1392 ea
1090 1344 1375 1402 referimus,
1413 1343 1498 1410 qui
1532 1344 1628 1411 ipsi
1661 1343 1901 1408 Germani=
1931 1355 2097 1401 erant,
2134 1340 2368 1408 opposita
2401 1352 2517 1385 esse·

258 1450 365 1479 non
395 1443 610 1497 possunt
644 1430 966 1497 sequentibus
1002 1450 1030 1478 α
1063 1450 1105 1479 se
1138 1440 1262 1492 ipsis,
1298 1433 1332 1479 i.
1367 1450 1411 1481 e.
1445 1431 1506 1480 ab
1543 1431 1771 1480 omnihus
1803 1432 2160 1479 Germanorum
2192 1425 2509 1487 nationibus,

258 1518 525 1567 dicendum
567 1518 662 1567 fuit
713 1538 741 1566 α
793 1539 841 1567 se
883 1525 1104 1577 omnibus,
1148 1520 1310 1570 verbis
1358 1539 1385 1566 a
1428 1538 1471 1567 se
1505 1527 1607 1579 ipsis
1642 1519 1834 1586 opponi
1867 1530 2036 1585 potest
2071 1523 2123 1564 ab
2158 1523 2281 1572 aliis,
2328 1530 2444 1578 ergo
2479 1529 2511 1559 av

257 1616 445 1661 victore,
482 1605 561 1656 vel.
585 1605 775 1658 rectius
811 1624 871 1654 ea
903 1606 1079 1665 verba,
1117 1625 1243 1672 quae
1278 1606 1330 1654 in
1363 1625 1391 1654 a
1422 1614 1587 1655 victore
1638 1619 1872 1672 corrupta
1921 1617 2058 1664 sunt,
2112 1603 2176 1653 ad
2209 1602 2333 1651 alios
2382 1616 2506 1666 quos

259 1693 525 1743 referenda
576 1706 713 1752 sunt,
769 1693 856 1759 qui
899 1712 1003 1743 non
1060 1695 1296 1744 Germani
1351 1707 1507 1743 erant.
1587 1694 1804 1744 Broterii'
1863 1692 2107 1742 sententia
2149 1691 2299 1740 etiam
2345 1688 2530 1752 minus-V

256 1780 490 1829 serenda..
551 1781 981 1840 „TransrhenanL
1029 1782 1219 1848 inquit,
1268 1799 1437 1831 omnes
1483 1799 1690 1840 nomen,
1729 1781 1869 1848 quod
1898 1781 2055 1830 victor
2109 1778 2173 1828 oh
2218 1789 2401 1826 metum
2434 1775 2508 1823 in-

260 1856 546 1919 cutiendum
578 1880 857 1934 repererat,
891 1870 991 1936 ipsi
1025 1887 1345 1935 usurpavere,
1399 1870 1706 1936 reputantes,
1755 1870 1887 1917 idem
1925 1866 2140 1917 nominis
2191 1866 2255 1913 ob
2300 1864 2509 1912 bellicae

257 1957 445 2022 gloriae
480 1956 829 2004 claritudinem
881 1956 978 2004 sibi
1012 1957 1242 2005 debere.‘⁰
1309 1958 1514 2006 Scilicet
1548 1958 1747 2022 Tungri·
1781 1957 1880 2005 hoc
1927 1973 2109 2004 nomen
2141 1953 2235 2001 sihi
2280 1952 2379 2018 ipsi
2424 1951 2509 1998 de-

259 2046 460 2101 derunt,
497 2055 553 2091 ut
588 2044 747 2092 Gallis
780 2056 966 2092 metum
998 2045 1309 2103 incuterent,
1362 2046 1508 2110 quasi
1540 2046 1680 2111 quis,
1729 2045 1829 2093 alia-
1861 2061 1914 2092 re
1945 2042 2167 2091 nondum
2198 2040 2505 2111 metuendus,

257 2132 459 2179 nomine
516 2132 737 2195 quamvis
778 2119 1081 2180 horrendum
1128 2144 1334 2179 sonante
1379 2144 1562 2180 metum
1608 2132 1891 2180 hominibus
1941 2130 2149 2177 iniiciat.
2226 2131 2405 2177 Postea
2452 2138 2506 2174 ut

256 2219 424 2267 multis
473 2219 583 2267 aliis
619 2231 670 2266 et
702 2220 850 2277 mihi,
882 2220 932 2267 si
966 2238 1024 2267 ea
1057 2234 1189 2268 esset
1225 2222 1391 2268 Taciti
1422 2221 1696 2277 sententia,
1724 2218 2152 2268 vehementissime
2186 2217 2409 2282 frigeret.r

455 2307 571 2356 Jam
598 2307 743 2354 venio
779 2306 845 2354 ad
875 2323 1036 2354 meam
1071 2308 1463 2373 qualemcunque
1499 2307 1812 2355 sententiam.

457 2418 767 2483 Scripturam
802 2417 865 2464 ab
900 2418 1205 2465 Hartmanno
1242 2418 1521 2465 coniectum
1555 2426 1744 2465 nationis
1778 2436 1924 2464 nomen
1955 2425 1997 2463 in
2019 2424 2179 2472 gentis,
2209 2431 2356 2480 quam
2379 2413 2506 2460 Hess

259 2508 311 2554 in
345 2507 462 2554 edit.
497 2524 584 2552 sua
618 2504 813 2562 laudat,
849 2523 998 2552 unam
1032 2523 1199 2554 veram
1234 2505 1652 2566 iudico3‘videtur
1685 2504 1951 2553 offendisse
1985 2503 2234 2559 librarios,
2269 2512 2325 2549 ut
2358 2500 2508 2549 etiam

258 2594 399 2642 Iatini
445 2593 687 2642 sermonis
734 2591 913 2659 periti,
966 2591 1142 2658 quibus
1179 2610 1287 2640 eam
1325 2592 1593 2659 proposui,
1642 2592 1851 2641 latinam
1906 2608 2172 2657 agnoscere
2225 2589 2506 2637 noluerunt.

261 2682 365 2729 Sed
398 2682 499 2729 vid.
539 2683 659 2728 Tac.
711 2682 832 2745 Agr,
865 2687 944 2733 39.
974 2687 1147 2740 privati
1179 2687 1362 2727 hominis
1398 2698 1547 2727 nomeu
1595 2699 1772 2741 supra
1810 2686 2108 2740 principis.
2192 2678 2314 2725 Plin.
2347 2678 2437 2741 Ep.
2471 2676 2506 2731 I,

259 2777 314 2821 24
340 2805 352 2825 ,
393 2777 435 2820 ’1.
468 2775 584 2814 illam
619 2774 678 2814 ad
708 2787 828 2815 usum
862 2775 964 2815 deae
995 2775 1075 2814 has
1110 2774 1180 2814 ad
1220 2774 1505 2815 hominum.
1602 2769 1745 2818 Caes,
1777 2771 1832 2816 Β.
1870 2768 1935 2815 G.
1966 2768 2012 2824 1,
2060 2773 2114 2819 21
2156 2774 2201 2813 in
2240 2771 2426 2813 exercitu
2460 2768 2506 2809 L.

259 2863 407 2904 Sullae
438 2873 482 2904 et
509 2871 661 2916 postea
703 2865 757 2905 in
789 2863 853 2907 M,
907 2865 1098 2905 Crassi
1135 2862 1306 2915 scierat.
1392 2857 1494 2906 Cic.
1529 2856 1660 2904 Lael.
1711 2863 1786 2910 16.
1820 2873 1931 2916 quae
1962 2862 2006 2903 in
2058 2862 2218 2902 nostri-s
2251 2858 2371 2900 rebus
2425 2868 2512 2898 non·

261 2954 369 2992 satis
424 2950 623 3002 honeste,
678 2953 733 2992 in
769 2955 1081 2994 amicorum
1113 2952 1231 3004 fiunt
1274 2951 1579 2994 honestissime.
1649 2948 1900 3009 Leguntur
1949 2943 2075 2992 adeo
2123 2940 2365 3007 exempla,
2421 2937 2513 2987 uhi

259 3050 441 3084 nomen
476 3034 574 3082 alio
610 3050 756 3091 casu,
804 3050 953 3099 quam
997 3053 1095 3100 quo
1130 3034 1413 3100 praecedit,
1455 3033 1781 3102 supplendum
1817 3045 1913 3081 estv
1978 3033 2119 3081 Caes.
2165 3032 2224 3078 B.
2257 3031 2317 3079 G.
2355 3029 2401 3086 I,
2444 3033 2515 3081 32·

261 3127 337 3169 hoe
369 3141 456 3170 esse
503 3131 756 3172 miseriorem
787 3130 1118 3183 gravioremque
1147 3129 1382 3180 fortunam
1430 3127 1720 3185 Sequanorum
1763 3140 1900 3182 prae
1946 3127 2309 3180 reliquorum.
2379 3115 2514 3168 Veste

264 3211 458 3258 Patere.
490 3212 527 3269 I,
570 3216 644 3263 18.
683 3219 841 3259 transit
877 3215 1111 3257 admiratio
1147 3215 1200 3257 ab
1234 3217 1473 3259 conditione
1509 3225 1744 3272 temporum
1774 3224 1818 3258 cc
1853 3208 1926 3257 aii
1959 3214 2183 3256 urbium.
