2843 3623
1273 176 1552 249 —2-5—

298 345 348 393 in
381 345 509 395 locis
551 345 856 396 a·Steuhe1-o
893 347 1057 396 allatis
1093 348 1159 396 de'
1197 349 1258 397 iis
1289 361 1478 397 tantum
1510 351 1794 399 nationibus
1831 351 2078 416 loquitur,
2128 351 2212 415 qui
2254 350 2352 398 iam
2383 361 2537 398 exerci-

300 435 503 475 tatissimi
539 436 583 474 in
606 437 735 478 armis
755 429 919 495 (Caes.
944 433 1000 478 B.
1035 432 1096 480 G.
1129 433 1166 490 1,
1200 431 1305 495 36.)
1343 433 1495 487 erant,
1532 434 1615 498 qui
1653 434 1967 499 disciplinam
1999 435 2270 479 Romanam
2304 434 2402 479 iam
2438 445 2539 479 tum

301 522 632 574 cognoverant
666 512 944 579 partimque
986 513 1319 559 imitabantur.
1390 514 1561 577 Neque
1597 531 1688 577 ego
1735 531 1887 569 unus,
1933 514 2030 558 iam
2060 525 2264 577 propter
2297 514 2539 578 etymolo-

303 591 433 652 giam
465 591 616 647 vocis,
657 593 709 636 in
741 593 869 638 hanc
909 595 1203 640 sententiam
1234 595 1474 641 deductus
1509 612 1628 651 sum,
1666 595 1753 662 sed
1788 595 1936 641 etiam
1970 594 2180 655 Herzog,
2217 593 2423 657 diligens
2458 594 2542 642 ille

306 671 528 718 Caesaris
574 672 885 737 explanator,
951 673 1155 723 adnotat
1206 675 1270 723 ad
1314 673 1435 723 Sall.
1483 675 1582 724 Cat.
1630 683 1708 729 702
1764 674 1926 733 &uelat
1972 671 2214 733 beobacbtet
2269 687 2408 735 gemm
2464 676 2542 723 ben

306 750 599 812 untetscbicb,
662 753 747 816 δαβ
804 765 847 801 ct
902 754 1077 820 copiae
1132 769 1216 806 nut
1269 767 1357 805 non
1405 756 1484 804 ben
1526 754 1775 819 feinblidnn
1812 750 2126 817 &cbmdtmem
2171 756 2410 802 exercitus
2456 767 2543 803 non

306 828 444 890 Ῐθίῐῐὲη
479 832 645 894 tactifd)
692 830 872 896 gestbfen
904 834 1132 884 &olbafen
1167 837 1310 899 fagtst
1378 837 1523 904 Quod
1554 838 1616 885 ad
1660 837 1810 885 verba
1849 844 2148 895 plurimum
2192 844 2378 882 virorum
2418 855 2545 896 equo-

307 932 481 972 rumque
514 916 714 977 attinet,
763 915 827 963 cf.
875 917 1076 982 Quintil.
1123 919 1240 966 Inst.
1276 931 1397 966 orat.
1429 920 1497 975 X,
1538 926 1589 976 1,
1638 926 1714 972 65.
1752 925 1982 964 Plurimum
2016 926 2192 965 vzrium.
2230 916 2353 965 Plin.
2391 918 2449 963 H.
2486 919 2553 981 N.-

308 993 458 1051 XVI,
499 1004 575 1047 57.
617 1005 848 1056 plurimum
883 1016 1118 1047 ventorum.

506 1078 679 1141 Neque
722 1078 920 1126 silentio
961 1078 1082 1126 mihi
1124 1078 1454 1145 praeterunda
1496 1090 1571 1127 est
1615 1078 1708 1126 alia
1742 1079 1884 1126 huius
1930 1078 2030 1127 loci
2073 1079 2359 1145 explicatio,
2406 1095 2551 1144 quam

312 1155 439 1203 Hess
488 1156 539 1203 in
582 1158 853 1206 Comment.
906 1159 929 1205 Ι
970 1158 1048 1206 his
1096 1158 1258 1207 verbis
1302 1158 1468 1207 affert:
1520 1159 1743 1217 „Censor
1788 1160 1998 1208 Seebod.
2044 1160 2168 1208 Bibl.
2207 1160 2315 1207 crit.
2353 1177 2399 1226 p.
2437 1167 2548 1212 212.

313 1242 540 1295 plurimum
586 1255 678 1304 per
721 1255 975 1305 syncopen
1025 1241 1261 1306 seriptum
1303 1251 1443 1305 putat
1496 1256 1589 1305 pro
1630 1247 1908 1300 plurimorum
1955 1240 2019 1289 ob
2067 1252 2328 1305 sequentes
2374 1240 2551 1304 geniti·

316 1332 402 1364 vos
446 1324 636 1363 virorum
678 1336 957 1382 equorumque
967 1338 984 1383 3
1043 1321 1122 1367 cui
1161 1320 1475 1386 explicationi
1523 1337 1624 1366 non
1665 1321 1947 1385 astipuler.“
2040 1321 2283 1383 Equidem
2327 1320 2553 1365 walchi-

316 1415 439 1444 anae
482 1399 629 1462 longe
673 1403 1045 1465 praeferendam
1090 1404 1232 1448 duco.
1300 1405 1376 1448 De
1427 1403 1627 1464 genitivi
1656 1403 1827 1448 'forma
1873 1409 1943 1447 z'cm
1985 1421 2077 1465 pro
2112 1422 2229 1447 orum
2263 1400 2359 1449 vid.
2397 1399 2552 1447 Prisc.

319 1479 394 1526 ed.
430 1481 628 1528 Putsch.
663 1499 714 1546 p.
753 1489 863 1533 742.
904 1483 1181 1547 ,Forbigen
1217 1481 1423 1548 praefat.
1467 1482 1532 1529 ad
1564 1484 1757 1530 Lueret.
1794 1500 1827 1548 p
1878 1482 2001 1530 XIII.
2070 1481 2347 1530 Ramshorn
2385 1479 2460 1529 ed.
2495 1480 2554 1528 11.

321 1558 362 1620 ᾗ·
408 1567 499 1619 27,
543 1567 588 1614 5.
657 1561 790 1626 Virg.
836 1563 960 1611 Aen.
995 1564 1085 1621 Vl,
1120 1570 1232 1617 307.
1268 1567 1583 1622 magnanimum
1627 1558 1916 1622 V111,'513.
1956 1567 2160 1611 Teucriam
2196 1574 2344 1629 atque
2378 1566 2553 1608 nalum.

323 1645 416 1701 IX,
451 1651 564 1699 509.
601 1649 835 1692 iuvencicm.
871 1646 913 1692 X
925 1678 941 1706 9
979 1652 1059 1700 81.
1100 1650 1290 1693 Graiam.

327 1890 443 1956 Cap·
479 1892 694 1942 XXXVI·
773 1895 1010 1944 Tracti
1060 1896 1229 1943 ruina
1275 1892 1693 1944 Cheruscorum
1732 1903 1784 1943 et
1840 1893 1960 1943 Fosi
2015 1893 2370 1944 contermina
2421 1906 2557 1962 gens

476 1982 853 2031 adversarum
914 1998 1111 2032 rerum
1168 1998 1239 2031 ex
1302 1998 1480 2050 aequo
1542 1983 1675 2033 socii
1722 1990 1919 2044 sunt,
1972 1997 2108 2031 cum
2163 1982 2221 2030 in
2282 1979 2558 2042 secundiS,

485 2071 733 2120 minores
758 2065 1019 2138 fuissent.

527 2195 666 2241 Hanc
718 2193 983 2242 lectionem
1015 2195 1210 2244 exhibet
1241 2195 1349 2243 cod.
1385 2196 1603 2250 Humm.,
1650 2194 1734 2241 alii
1766 2194 1907 2242 multi
1950 2196 2120 2260 legunt
2155 2202 2264 2240 tacti
2296 2210 2389 2258 pro
2421 2199 2564 2238 tracti.

331 2277 409 2325 Ad
435 2292 520 2333 ea,
555 2291 680 2340 quae
713 2276 906 2324 Ernest.
977 2288 1026 2324 et
1060 2276 1227 2326 Oberl.
1263 2275 1342 2325 ad.
1376 2275 1425 2322 h.
1462 2275 1495 2322 l.
1532 2286 1666 2323 recte
1701 2275 1978 2333 disserunt,
2016 2276 2139 2323 haee
2172 2275 2333 2321 habeo
2369 2273 2563 2319 addere.

334 2357 388 2404 Si
439 2356 581 2403 ruina
631 2357 988 2405 Cheruscorum
1044 2358 1289 2423 tetigisset
1338 2369 1529 2405 tantum
1576 2358 1758 2414 Fosos,
1812 2376 1914 2404 non
1959 2359 2205 2423 potuisset
2262 2355 2565 2400 Tacitus'ex

334 2456 510 2499 aequo
557 2444 690 2483 socios
724 2454 810 2484 eos
854 2455 1032 2486 vocare
1045 2456 1062 2500 3
1109 2447 1238 2485 ruina
1272 2443 1453 2492 trahere,
1491 2455 1594 2484 non
1630 2446 1758 2486 ruina
1791 2453 1988 2495 tangere,
2043 2450 2118 2485 est
2148 2443 2397 2496 praecipites
2440 2440 2563 2487 clare,

332 2532 387 2566 ut
420 2521 620 2567 Passow
653 2531 885 2567 autumat.
990 2520 1134 2587 Quod
1166 2520 1384 2593 tangitur
1417 2518 1728 2568 solummodo
1762 2520 1926 2577 ruina,
1974 2532 2104 2569 stare
2137 2529 2315 2584 potest.
2385 2513 2568 2563 Wsaleh

332 2609 442 2657 tacti
484 2600 652 2665 legens
700 2601 968 2649 convertit:
1035 2600 1134 2650 Det
1178 2600 1324 2661 Ξῐιιῑό
1367 2600 1440 2648 bet
1484 2600 1731 2661 §betussfen
1773 2602 1839 2662 ti&
1888 2600 1954 2648 bie
1985 2601 2122 2660 &osen
2166 2598 2292 2658 nad73
2343 2614 2461 2643 num
2494 2607 2571 2642 est

336 2698 507 2738 tangere
542 2680 819 2742 ηαῴΐείβεηὲ

531 2762 750 2812 Verbum
792 2778 892 2810 sunt
946 2762 1206 2815 ferendum
1249 2762 1473 2827 quidem,
1520 2775 1800 2829 suspectum
1837 2775 2013 2811 tamen.
2082 2762 2153 2807 Ex
2188 2776 2248 2807 eo
2284 2758 2405 2806 mihi
2438 2757 2571 2807 vide-

335 2857 416 2891 tur
463 2855 625 2892 ortum
659 2859 791 2900 esse,
829 2843 965 2907 quod
1002 2850 1172 2902 Tracti,
1214 2849 1340 2891 Tacti
1373 2845 1507 2905 (Tur.
1549 2843 1713 2905 Chatti)
1754 2861 1848 2908 pro
1882 2841 2078 2891 nomine
2110 2840 2285 2906 populi
2320 2838 2577 2902 cuiusdam

336 2923 568 2973 habuisse
602 2923 827 2973 videntur
858 2923 1074 2981 librarii,
1113 2941 1211 2990 quo
1249 2923 1385 2971 facto
1419 2923 1689 2972 enuntiatio
1721 2922 1870 2972 verbo
1906 2922 2044 2969 finito
2080 2921 2142 2967 iis
2183 2921 2416 2968 destituta
2451 2931 2574 2966 erat.

340 3005 583 3054 Nimirum
617 3005 669 3052 in
703 3004 812 3054 cod.
834 3006 1027 3052 Humm.
1061 3005 1264 3062 nomina
1293 3004 1496 3071 propria
1528 3004 1825 3071 populorum
1858 3003 1911 3051 in
1942 3002 2162 3067 margine
2196 3002 2391 3068 liquore
2427 3000 2577 3049 rubro

341 3086 513 3135 ‘eadem
545 3103 718 3145 manu,
753 3104 851 3154 qua
885 3098 1140 3135 contextus
1171 3086 1459 3143 verborum,
1509 3085 1761 3152 adscripta
1794 3097 1928 3142 sunt,
1966 3084 2019 3131 in
2055 3083 2235 3149 quibus
2274 3090 2421 3131 Tracti
2456 3101 2579 3148 quo-

346 3185 441 3234 que
486 3166 660 3216 eodem
702 3168 852 3217 rubro
894 3169 1186 3218 vestimento
1229 3167 1617 3233 conspiciuntur.
1679 3197 1743 3206 —
1801 3165 2103 3232 Saepissime
2148 3183 2179 3214 a
2220 3165 2578 3231 glossatoribus

342 3247 545 3296 verbum
578 3247 936 3299 substantivum
988 3250 1209 3300 additum
1243 3265 1380 3308 esse,
1428 3248 1525 3299 vid.
1559 3248 1612 3296 in
1644 3247 1892 3298 Wunderi
1933 3251 2053 3298 Var-
2094 3250 2233 3297 Lect.
2277 3247 2445 3295 libror.
2492 3245 2578 3293 ali-

348 3342 470 3394 quot
510 3331 761 3379 Ciceronis
796 3348 854 3378 ex
887 3333 996 3380 eod.
1034 3333 1213 3380 Erfurt.
1249 3344 1378 3380 enot.
1409 3348 1458 3396 p.
1491 3331 1707 3379 LXXXII
1740 3343 1788 3378 et
1826 3329 1953 3395 plur.
1990 3329 2135 3379 locis.

2143 3417 2174 3463 4
