2843 3623
1417 156 1480 205 29

308 322 474 372 ctione
507 324 718 370 constat.
757 321 863 369 Sall
902 323 1010 387 Jug.
1044 329 1135 388 85,
1163 330 1238 375 ⁴0·
1274 328 1430 369 scilicet
1465 337 1512 368 ut
1545 332 1587 369 in
1623 337 1752 371 tanta
1778 341 1828 371 η
1862 331 2104 379 ignarus
2137 330 2375 371 omnium
2410 329 2553 382 crept-¹

305 406 399 458 det,
424 406 635 457 festinet,
680 413 822 447 sumat
867 405 1047 460 aliquem
1081 417 1133 446 ex
1158 405 1318 459 populo
1351 406 1597 446 monitorem
1630 404 1764 457 officii
1796 408 1876 447 sui.
1932 405 2036 454 (90.
2072 406 2259 447 omnibus
2295 405 2540 460 exploratis.

312 465 463 531 945]
518 484 687 536 paratis
719 476 1043 537 compositisque
1076 472 1310 540 omnibus.)
1376 476 1515 525 Caes.
1551 478 1605 524 B.
1642 476 1786 536 C.11‚
1824 483 1903 531 29.
1929 493 2110 534 magnus
2142 485 2284 523 omni
2296 496 2374 524 am
2410 484 2542 524 inces-

316 552 374 599 sit
406 560 549 601 timor.
598 551 785 613 (collat.
824 570 866 600 c.
897 553 989 609 lll,
1036 559 1112 605 44.
1156 571 1337 610 magnus
1381 560 1606 598 incesserat
1642 563 1770 599 timor
1791 550 2095 615 sagittarum).
2164 555 2288 600 Ann.
2323 555 2416 610 111,
2468 560 2544 604 15.

311 636 466 674 nullo
510 638 644 684 magis
686 639 912 676 exterritus
945 643 1030 684 esc,
1084 648 1208 688 quam
1251 637 1365 689 quod
1393 618 1484 676 ἐκ.
1527 648 1635 695 pro.
1672 637 1802 695 'nulla
1837 648 1895 675 re.
1948 629 2082 692 Virg.
2118 630 2241 678 Aen.
2277 631 2391 681 VII.
2441 637 2547 682 112.

313 713 541 752 consumtis
571 711 636 752 hic
658 711 780 763 sorte
815 712 926 752 aliis.
992 704 1095 753 Liv.
1131 706 1359 762 XXVIII,
1395 712 1475 758 20.
1518 711 1707 755 omnibus
1748 711 2010 766 patentibus.
2048 706 2283 763 XXVIIII,
2319 712 2364 758 7.
2409 698 2546 752 omni-

314 787 388 828 bus
416 789 607 842 paratis.
644 782 752 830 eod.
778 798 889 847 cap.
938 786 1046 828 nihil
1075 790 1283 838 omnium,
1321 799 1428 843 quae
1455 795 1615 829 etc.—
1653 783 1782 849 Quin
1817 779 1965 830 etiarn
2000 782 2198 834 Cicero,
2231 793 2285 828 ut
2316 798 2446 829 nunc
2479 782 2548 829 vi-

316 858 437 914 deo,
491 857 614 905 dicit
654 859 746 924 Ep.
793 858 857 905 ad
890 858 996 905 Div.
1032 861 1102 915 V,
1142 865 1226 913 13,
1275 864 1317 911 6.
1366 876 1442 904 nos
1477 872 1615 904 autem
1649 867 1800 929 erimus
1844 867 1972 904 etiam
2006 866 2049 904 in
2085 865 2318 903 omnium
2353 864 2545 916 despera-

309 942 421 980 tione
443 938 612 991 fortes‚
660 946 714 981 ut
747 934 900 982 Orelli
931 951 989 980 ex
1022 934 1167 982 codd.
1203 946 1336 982 recte
1370 933 1490 997 legit
1499 952 1516 995 3
1573 934 1653 980 alii
1698 955 1833 982 rerum
1869 936 2162 983 infulserunt
2194 946 2315 1001 post
2349 942 2546 979 omnium.

371 1067 385 1074 ,
507 1010 802 1060 Addendum
855 1010 975 1058 mihi
1021 1023 1121 1068 est,
1167 1028 1278 1059 meo
1334 1027 1483 1058 sensu
1543 1018 1676 1058 tutela
1727 1012 2103 1069 nominativum,
2151 1030 2253 1059 non
2288 1009 2552 1059 ablativum

318 1104 453 1144 esse,
495 1099 544 1135 et
594 1088 742 1137 verba
784 1105 866 1147 pro
902 1096 1030 1134 armis
1074 1097 1339 1148 omniumque
1373 1094 1511 1134 tutela
1546 1106 1646 1136 non
1682 1105 1789 1135 csse
1823 1088 2182 1153 praedicatum,
2231 1088 2320 1136 scd
2355 1088 2554 1154 apposi-

311 1165 497 1212 tionem
533 1163 842 1228 pronominis
876 1170 942 1220 ici,
978 1174 1097 1229 post
1130 1163 1266 1229 quod
1300 1163 1449 1227 igitur
1481 1163 1668 1228 virgula
1704 1165 1934 1230 ponenda
1969 1178 2067 1223 est,
2104 1165 2238 1231 quod
2272 1164 2387 1212 feci.

313 1282 475 1347 Agric.
513 1298 620 1348 cap.
657 1282 871 1333 XXXIV·
930 1284 977 1334 Ii
1017 1294 1176 1348 sunt,
1220 1302 1357 1355 quos
1379 1288 1650 1354 proximo
1687 1303 1841 1336 anno
1874 1304 2060 1337 unam
2084 1286 2365 1357 legionem
2386 1282 2555 1353 furto

470 1364 643 1413 noctis
685 1377 972 1433 aggressos
1013 1361 1265 1415 clamore
1303 1362 1644 1414 debellastis:
1700 1365 1736 1413 ii
1780 1372 2095 1415 ceterorum
2131 1364 2558 1414 Britannorum

456 1434 823 1510 fugacissimi
856 1438 1088 1508 ideoque
1114 1448 1236 1490 tam
1259 1441 1358 1490 diu.
1383 1443 1713 1508 superstites.
1753 1440 2052 1509 Quomodo
2077 1441 2245 1490 silvas
2267 1441 2557 1508 saltusque

466 1510 1298 1585 penetrantibusfortissimum
1333 1518 1591 1586 quodque
1626 1518 1853 1566 animal
1887 1527 2140 1568 contra
2180 1534 2407 1578 ruere,
2451 1533 2558 1584 pa-

463 1592 597 1643 vida
624 1601 674 1641 et
696 1594 897 1643 inertia
925 1595 1043 1661 ipso
1070 1596 1319 1664 agminis
1342 1611 1480 1644 sono
1506 1594 1825 1661 pelluntur:
1853 1597 1927 1643 sic
1951 1597 2219 1645 acerrimi
2245 1593 2559 1644 Britanno-

469 1685 607 1718 rum
643 1671 765 1719 iam
792 1670 1019 1737 pridem
1050 1671 1393 1731 ceciderunt,
1437 1671 1683 1737 reliquus
1720 1679 1795 1720 est
1819 1687 2095 1720 numerus
2123 1673 2474 1741 ignavorum
2508 1678 2558 1718 et

472 1747 882 1810 metuentium,
927 1763 1064 1816 quos
1103 1746 1254 1817 quod
1294 1747 1530 1798 tandem
1565 1748 1878 1809 invenisti3‚
1922 1765 2036 1799 non
2073 1749 2418 1809 restiterunt,
2462 1746 2555 1796 sed

471 1822 800 1892 deprehensi
843 1832 989 1874 sunt.

518 1926 676 1966 Contra
711 1938 828 1967 ruere
861 1919 1039 1985 legitur
1071 1921 1121 1968 in
1150 1921 1260 1969 cod.
1287 1924 1398 1972 Vat.
1413 1938 1429 1982 3
1463 1919 1586 1967 Edd.
1613 1931 1728 1966 vett.
1753 1933 1864 1967 ante
1892 1922 2180 1967 Rhenanum
2199 1934 2348 1967 contra
2382 1920 2559 1967 omise-

325 2007 461 2052 runt,
497 1997 632 2063 quod
666 1997 968 2044 excusationi
1002 1998 1065 2044 sit
1099 1999 1365 2054 Rhenano,
1406 1998 1513 2062 qui,
1563 2016 1684 2043 ruere
1729 1997 1779 2043 in
1812 2005 1955 2044 robore
1993 2010 2207 2054 mutato,
2252 1998 2335 2045 hic
2366 2010 2421 2044 ut
2456 1997 2563 2044 aliis

330 2074 495 2120 multis
530 2074 649 2120 locis
686 2075 942 2138 scriptoris
976 2075 1126 2121 verba
1159 2077 1306 2122 etiam
1338 2076 1494 2137 magis
1531 2075 1765 2138 corrupit.
1832 2076 2100 2123 Novissimi
2134 2076 2278 2122 huius
2302 2075 2430 2122 vitae
2461 2073 2564 2121 edi-

320 2164 480 2207 tores,
514 2149 749 2207 Dronke,
797 2150 1019 2216 Beliker,
1073 2151 1288 2208 Becker,
1335 2150 1534 2207 Hertel‚
1578 2149 1891 2216 Peerlkamp,
1939 2152 2023 2217 qui
2059 2152 2252 2218 optimo
2288 2151 2390 2199 iure
2425 2148 2562 2199 codi-

325 2226 464 2275 cibus
508 2244 624 2275 mss.
675 2227 913 2276 maiorem
945 2227 1168 2277 tribuunt
1200 2229 1565 2284 auctoritatem,
1614 2244 1762 2293 quam
1805 2229 2078 2277 temerariis
2111 2246 2260 2295 saepe
2293 2228 2563 2295 primorum

323 2303 568 2372 editorum
602 2305 933 2361 coniecturis,
971 2317 1103 2352 certe
1136 2306 1222 2362 iis,
1259 2322 1384 2370 quae
1418 2322 1519 2352 non
1553 2305 1755 2352 omnino
1792 2306 2125 2361 satisfaciant,
2178 2305 2452 2352 Broterium
2485 2321 2559 2349 se-

322 2380 424 2426 cuti
457 2379 570 2427 lect.
610 2383 719 2429 Vat.
757 2393 1048 2447 receperunt
1083 2382 1305 2446 quidem,
1344 2381 1431 2428 sed
1464 2399 1565 2427 non
1598 2381 1914 2446 explicarunt.
1984 2383 2165 2429 &Valch
2197 2380 2418 2428 Rhenani
2439 2397 2556 2426 con-

319 2457 557 2505 iecturam
589 2458 821 2521 praetulit
830 2476 846 2518 3
884 2458 1135 2509 audiamus
1170 2476 1296 2505 eum.
1365 2457 1584 2515 „ffitotiet
1617 2460 1704 2506 nub
1740 2458 1954 2515 Dbcrlim
1990 2459 2173 2524 inquit,
2211 2459 2348 2517 baben
2384 2461 2430 2504 eg
2464 2455 2557 2518 (sc.

321 2547 472 2580 contra
505 2541 641 2591 ruere)
685 2535 743 2582 im
778 2534 903 2586 zen.
939 2532 1187 2583 §ommate
1223 2536 1354 2595 beobe
1387 2534 1499 2596 nicht
1532 2536 1595 2583 bie
1629 2532 1911 2583 (Sontinnitdt
1957 2537 2028 2583 bct
2061 2534 2236 2583 &Iubet
2268 2540 2556 2591 fortissimum

321 2617 485 2657 animal
526 2623 604 2684 -s'
661 2617 829 2672 pavida
871 2626 914 2659 et
966 2620 1125 2661 inertia
1158 2644 1225 2652 —-
1258 2619 1404 2660 robore
1445 2620 1564 2660 caedi
1592 2644 1656 2651 —-
1706 2631 1807 2659 sono
1854 2619 1959 2679 pelli
1970 2647 1985 2675 9
2051 2610 2159 2672 nicht
2209 2611 2290 2658 δαό
2341 2623 2452 2672 gan&
2511 2610 2557 2658 in

321 2688 520 2736 Zacituss'
608 2689 683 2748 eiie
713 2685 924 2750 gemdblte
955 2690 1147 2751 geugma
1179 2690 1453 2755 pelluntur,
1489 2692 1569 2738 mie
1606 2691 1670 2737 bie
1699 2687 1939 2750 Qiuftofung
1978 2690 2077 2737 eben
2118 2689 2292 2749 geigtest
2359 2688 2560 2753 Utique,

322 2765 423 2813 sive
458 2764 616 2813 intelli
651 2767 782 2813 entia
816 2766 975 2824 ducti,
1013 2767 1115 2816 sive
1150 2785 1298 2815 sensu
1333 2767 1550 2833 quodam
1586 2767 1706 2814 recti
1738 2785 1840 2814 non
1864 2766 2022 2814 solum
2050 2765 2145 2812 hoc
2180 2776 2435 2821 curarunt,
2473 2764 2561 2812 sed

326 2842 475 2889 etiam
509 2835 651 2908 illud,
686 2859 747 2888 ne
783 2842 996 2891 absurda
1029 2844 1255 2892 evaderet
1288 2844 1542 2892 sententia.
1600 2845 1823 2908 Namque
1857 2860 1957 2890 non
1992 2841 2148 2892 solum
2179 2843 2466 2907 oppositum
2495 2841 2561 2888 sit

327 2929 525 2983 oportet
558 2917 768 2984 primum
805 2919 999 2983 periodi
1033 2921 1305 2967 membrum
1338 2928 1553 2983 ,Quomodo
1586 2950 1649 2957 —
1681 2938 1798 2964 ruere
1830 2910 1979 2964 'alteri
2007 2925 2202 2977 pavidae
2226 2944 2294 2951 —
2318 2926 2560 2976 pelluntur,

327 3007 382 3042 ut
414 2993 598 3042 Waleh
630 3006 763 3042 recte
809 2995 1002 3051 statuit,
1050 2995 1137 3043 sed
1182 2997 1331 3044 etiam
1373 2996 1668 3062 respondeat
1713 2995 1859 3041 tertio
1894 3002 1952 3041 sic
1987 3001 2266 3041 acerrimi—
2298 3001 2560 3051 ceciderunt,

329 3085 382 3120 ut
418 3071 623 3120 alterum
651 3079 840 3133 pavidae
859 3103 921 3110 —-
949 3078 1164 3133 pelluntur
1197 3085 1372 3138 quarto
1407 3081 1589 3134 reliquus
1623 3085 1685 3118 est
1722 3089 1854 3127 num„
1884 3072 2019 3136 quod
2051 3071 2287 3120 VValchio
2322 3089 2426 3120 non
2457 3084 2562 3119 erat

330 3165 492 3196 curae.
561 3150 808 3207 Tertium,
857 3151 992 3215 quod
1052 3161 1252 3206 vocant,
1306 3149 1691 3215 comparationis
1746 3165 1948 3214 prorsus
1989 3138 2116 3197 nihil
2160 3149 2297 3197 aliud
2329 3166 2438 3195 esse
2472 3167 2563 3216 po·

328 3237 452 3283 test,
506 3242 652 3291 quam
697 3234 884 3274 resistere
918 3240 966 3276 et
989 3233 1158 3286 fizgere,
1224 3226 1482 3293 Quomodo
1516 3225 1666 3273 sortia
1701 3224 1931 3272 animalia
1963 3225 2227 3282 resistunt,
2278 3225 2457 3292 pavida
2488 3224 2562 3271 fu-

331 3302 490 3366 giunt,
540 3303 611 3351 sic
654 3304 879 3351 acerrimi
923 3305 1269 3353 Britannorum
1319 3303 1627 3360 restiterunt,
1678 3303 1840 3367 ignavi
1873 3302 2117 3368 fugerunt.
2187 3304 2344 3369 Quam
2377 3301 2561 3367 simpli-
