2843 3623
1407 144 1468 192 ffl

320 311 551 377 positum.
618 309 924 376 Quamquam
950 308 1075 358 haec
1107 307 1366 363 eiusmodi.
1383 321 1520 367 sunt,
1544 321 1608 363 ,ut
1639 308 1813 373 sentiri
1842 309 2010 375 magia*
2030 310 2211 371 annno,
2247 327 2394 377 quam
2426 323 2539 360 cum

319 397 428 447 aliis
459 395 831 454 communicari,
877 393 1128 462 explanari
1160 395 1371 462 possint.

512 482 592 533 Ad
622 498 726 532 rem
757 481 936 534 venim-
999 482 1174 549 Neque
1199 480 1406 531 tihi-arii·
1440 480 1517 535 vel
1559 482 1705 552 primi
1747 482 1963 533 editores
2014 499 2093 546 que
2107 482 2186 530 .·in
2218 485 2327 545 qua'e
2357 488 2549 532 mutas-l

317 582 457 634 sent,
491 586 651 637 neque
684 571 948 619 Rhenanus
984 568 1229 633 reserantur
1262 569 1315 616 in
1349 574 1563 630 reserant,
1610 573 1654 620 si
1688 572 1798 638 quis
1844 571 1905 619 iis
1937 571 2060 619 haec
2093 571 2313 638 exempla
2354 572 2420 620 ad
2452 571 2539 618 ἀθέ-

316 657 624 706 liberandum
655 658 1011 726 proposuisset.
1047 710 1050 713 ⁴
1081 656 1296 704 Sallust.
1328 659 1431 706 Cat.
1470 666 1547 712 54.
1593 668 1659 706 ita
1692 668 1910 720 quominus
1949 667 2146 716 gloria
2162 677 2200 705 m
2225 664 2428 718 petebat,
2489 660 2549 705 eou

319 755 450 802 magis
484 753 840 806 sequebatur,
874 762 944 793 sc.
972 744 1131 808 gloria
1154 742 1399 812 (quiipse
1423 746 1563 794 locus
1584 748 1716 795 varie
1743 743 2166 813 corrumpebatur)
2199 748 2308 810 Jug.
2334 752 2423 805 44,
2458 752 2536 799 ⁴6-

319 837 369 880 Si
400 840 556 892 omnia,
599 852 733 896 quae
767 846 844 880 auc
883 840 1072 890 amisi,
1117 846 1193 880 aut
1228 849 1280 880 ex
1314 841 1552 882 necessariis
1585 840 1766 882 adversa
1787 838 1959 893 sacta
1991 848 2144 892 sunt,
2187 840 2412 882 incolumia
2443 831 2550 878 mex-⁷

314 935 473 969 nerent.
514 928 628 976 101,
663 927 704 973 5.
781 924 972 968 Bocchus
1003 938 1095 967 cum
1121 925 1357 980 peditibus,
1406 939 1547 985 quos·
1590 927 1725 974 Volux
1748 926 1867 978 filius
1899 926 1985 969 eius
2017 925 2255 969 adduxerat
2263 917 2296 980 ,⁴
2326 938 2453 981 neque
2484 925 2531 966 in

311 1017 454 1070 priore
490 1026 663 1068 pugna,
714 1015 757 1054 in
792 1015 941 1055 itinere
984 1016 1166 1064 morati,
1237 1015 1307 1055 ad
1306 1014 1548 1065 fuerant
1581 1020 1677 1056 etc.
1717 1008 1814 1070 (Cf.
1849 1010 2012 1056 Herm.
2049 1009 2111 1057 ad
2146 1009 2308 1073 Viger.
2342 1024 2391 1073 Ρ.
2428 1013 2536 1058 707.

314 1095 604 1144 Ramshorn.
641 1096 718 1143 ed.
754 1097 813 1143 11.
826 1129 842 1153 ‚
889 1113 938 1160 p.
970 1102 1129 1162 Υ11001.
1170 1112 1214 1143 c.
1251 1095 1476 1142 Ruddim.
1512 1095 1588 1142 ed.
1626 1096 1801 1144 Stallb.
1841 1098 1909 1153 11,
1956 1116 2002 1163 p.
2039 1105 2118 1150 27.
2156 1096 2240 1160 qui
2274 1094 2412 1142 affert
2445 1095 2540 1140 Te-

305 1193 438 1233 rent.
473 1183 563 1232 Ad.
597 1186 646 1242 I,
691 1192 746 1242 2,
799 1191 846 1238 4.
883 1204 1033 1246 quem
1069 1203 1198 1245 neque
1223 1190 1358 1244 pudet
1389 1188 1641 1245 quidquam,
1681 1203 1754 1233 nee
1797 1193 2001 1232 metuit
2044 1202 2305 1245 quemquam.
2376 1170 2531 1229 Plaut.

264 1277 267 1279 ’
311 1270 440 1321 Rud.
488 1271 555 1329 II,
618 1277 672 1330 1,
708 1278 754 1326 2.
792 1275 1008 1334 Quibus
1051 1287 1123 1319 nec
1167 1283 1363 1331 quaestus
1415 1283 1502 1328 est,
1570 1289 1641 1319 nec
1683 1277 1931 1321 didicere
1977 1286 2111 1320 artem
2156 1265 2328 1335 ullam.)
2415 1265 2533 1316 Sall.

313 1359 424 1424 Jug.
458 1364 546 1416 31,
586 1364 661 1413 18.
697 1365 843 1420 quod
870 1364 1006 1415 magis
1038 1376 1115 1406 vos
1138 1362 1378 1426 fecisse,
1413 1377 1540 1420 quam
1569 1365 1656 1408 illis
1682 1336 1970 1409 accidisse
2003 1365 2223 1418 indignum
2260 1371 2336 1408 est.
2370 1362 2458 1415 35,
2492 1360 2537 1410 3.

317 1452 479 1495 Avidus
512 1451 657 1493 consul
687 1450 785 1494 belli
812 1450 991 1504 gerundi
1022 1461 1249 1505 movere,
1286 1463 1411 1508 quam
1446 1464 1731 1495 senescere
1764 1454 1949 1495 omnia
1982 1451 2202 1495 malebat..
2223 1447 2280 1494 In
2309 1444 2388 1492 his
2416 1442 2537 1491 duo·

308 1535 406 1583 -bus
435 1533 586 1590 locis,
640 1541 753 1595 quod
783 1546 834 1582 et
865 1541 1008 1580 omnia
1041 1533 1105 1580 ad
1135 1544 1394 1599 utrumque
1426 1533 1626 1582 verbum
1658 1535 1710 1581 in
1744 1534 2010 1583 accusandi
2057 1515 2256 1600 quidem
2298 1548 2417 1580 casu
2447 1547 2539 1597 Ρο-

320 1623 417 1672 sita
450 1632 564 1669 sunt
573 1653 589 1679 ‚
642 1621 732 1669 sed
761 1621 825 1670 ad
857 1621 993 1688 prius
1028 1620 1081 1667 in
1115 1619 1387 1678 obiectivo‚
1429 1621 1492 1669 ad
1523 1623 1768 1688 posterius
1802 1624 1853 1671 iu
1886 1619 2168 1671 subiectivo.
2205 1627 2290 1677 94,
2335 1617 2423 1666 sub
2454 1617 2534 1664 fin·

318 1717 378 1758 sic
409 1715 533 1769 sorte
577 1723 778 1773 correcta·
805 1715 981 1756 Marii
1027 1716 1268 1771 temeritas,
1322 1715 1502 1765 gloriam
1535 1728 1586 1755 ex
1619 1718 1742 1771 culpa
1787 1718 2013 1764 invenit
2056 1711 2209 1763 (Cort.
2256 1707 2320 1753 ad
2351 1709 2534 1752 Lucan.

316 1797 390 1860 11,
443 1795 580 1856 218.)
662 1795 790 1845 Huic
833 1795 948 1844 loco
994 1793 1266 1852 simillimus
1307 1806 1382 1843 est
1413 1794 1467 1842 in
1504 1805 1679 1865 nostro
1710 1796 1878 1846 libello
1913 1814 1956 1845 c.
1993 1802 2038 1849 5.
2086 1795 2392 1862 (comparato
2424 1792 2538 1840 loco

317 1883 544 1933 Plautino
579 1899 725 1948 supra
754 1879 979 1946 laudato)
1017 1898 1269 1942 pecorum
1290 1888 1507 1941 secunda,
1555 1891 1632 1932 sed
1657 1891 1898 1945 plerumque
1940 1892 2004 1930 im
2012 1903 2043 1942 p
2055 1901 2241 1929 rocera
2261 1904 2263 1913 ι
2284 1896 2353 1929 sc.
2389 1891 2501 1928 sunt
2517 1897 2534 1941 3

321 1988 465 2037 quem
496 1970 660 2019 locum
701 1970 750 2017 in
787 1970 988 2019 Observ.
1034 1970 1089 2019 in
1128 1971 1246 2035 Agr.
1288 1968 1385 2018 alia
1433 1970 1624 2020 ratione
1666 1971 1924 2020 enucleare
1974 1981 2179 2019 conatus
2211 1986 2344 2026 sum,
2389 1983 2538 2032 quum

320 2057 540 2108 nondum
570 2056 773 2107 edoctus
807 2056 885 2107 his
901 2056 1230 2108 ·Sallustianis
1264 2057 1496 2125 exemplis
1530 2069 1580 2107 et
1595 2042 1888 2116 *subiectum
1921 2057 2231 2118 desiderans,
2268 2055 2348 2105 cui
2380 2063 2537 2115 impro-

317 2164 415 2199 ceta
446 2145 780 2213 praedicatum
812 2145 1056 2195 adiectum
1088 2158 1219 2194 esset
1233 2179 1248 2204 ,
1285 2163 1395 2195 cum
1426 2146 1596 2213 Lipsio
1631 2147 1887 2214 opinarer,
1934 2130 2109 2195 Tacito
2145 2150 2347 2206 pleraque
2374 2141 2529 2191 fuisse

316 2233 646 2301 scribendum.
731 2236 808 2283 De
842 2233 1013 2284 activis
1060 2246 1108 2283 et
1139 2234 1349 2302 passivis
1385 2235 1662 2284 cuniunctis
1677 2272 1690 2293 ,
1740 2235 1840 2292 sivge
1874 2234 1936 2284 de
1976 2245 2162 2283 mutato
2202 2232 2427 2282 subiecto
2463 2230 2532 2292 cf·

318 2320 636 2371 Matthiaeum
667 2321 732 2369 ad
765 2321 865 2370 cio.
900 2338 994 2388 pro
1027 2321 1131 2387 Lig.
1178 2320 1220 2383 §0
1259 2327 1336 2376 14.
1388 2319 1512 2385 (Cic.
1547 2321 1679 2371 Orat.
1714 2323 1799 2374 vl.
1834 2334 1926 2372 etc.
1968 2322 2087 2389 Lips
2129 2316 2294 2385 1830.)
2342 2317 2530 2385 Wopk.

317 2412 451 2458 Lect.
486 2408 614 2457 Tull.
650 2409 725 2457 ed.
758 2409 915 2459 Hand.
942 2426 999 2474 P·
1023 2415 1111 2463 85.
1158 2408 1397 2456 Goerenz.
1431 2409 1495 2457 ad
1524 2410 1631 2460 cic.
1664 2410 1767 2458 Pin.
1801 2411 1872 2472 11,
1919 2416 1994 2464 15.
2032 2416 2075 2457 Si
2106 2417 2213 2456 enim
2245 2413 2306 2455 ad
2333 2396 2543 2455 honesta-⁷

318 2512 399 2544 tem
436 2505 623 2543 omnia
656 2500 986 2553 referantur
1013 2513 1179 2557 neque
1214 2504 1343 2543 in=ea
1373 2504 1636 2558 voluptatem
1669 2505 1868 2557 dicant
1899 2505 2030 2545 inesse
2062 2497 2148 2546 rel.

507 2584 643 2651 Quae
676 2582 718 2632 si
750 2594 883 2631 recte
929 2600 1006 2630 me
1041 2583 1273 2632 statuisse
1326 2585 1558 2633 concedis
1562 2620 1585 2645 2
1641 2584 2021 2634 commilitonem
2066 2596 2116 2634 te
2140 2582 2278 2633 -mihi
2320 2579 2534 2641 fimi-pm

319 2687 462 2738 spero
506 2671 558 2719 in
589 2670 901 2722 defendenda
947 2671 1040 2720 hac
1074 2671 1316 2722 Gronovii
1346 2673 1587 2721 sententia
1601 2705 1616 2731 ,
1667 2690 1814 2739 quam
1856 2690 2025 2722 omnes
2045 2723 2047 2727 ,
2067 2672 2171 2722 fere
2213 2669 2532 2738 exploserunt.

323 2760 750 2808 Constructionem
782 2759 1064 2818 verborum,
1102 2779 1211 2822 quae
1240 2766 1378 2808 liberis
1413 2767 1629 2808 inviolata
1656 2779 1710 2809 ac
1742 2768 1877 2819 digua
1908 2767 2060 2809 reddat
2103 2759 2428 2826 explicaturus
2463 2755 2534 2804 di-

317 2847 410 2895 xitt
442 2848 576 2906 „nisi
608 2860 769 2895 tamen
802 2848 1165 2911 nonimendum
1196 2849 1279 2898 hic
1323 2849 1411 2897 sed
1445 2849 1694 2916 specimen
1726 2835 1991 2898 brevitatis-
2012 2848 2204 2910 Taciti,
2236 2861 2348 2911 'qua
2377 2844 2446 2902 fit,
2468 2855 2534 2890 *ut

321 2953 410 2983 vox
458 2943 603 2985 ‚libetis
649 2953 738 2984 ceu
780 2936 858 2984 bis
901 2937 1064 3004 posita
1104 2937 1320 3004 intellegi
1363 2938 1540 2987 debeat
1548 2957 1564 3001 3
1619 2950 1669 2988 et
1712 2938 1911 3005 quidem
1949 2937 2107 2986 relata
2162 2922 2230 2983 ad
2286 2925 2334 2979 ’ϊό
2382 2937 2533 2990 reddas

318 3024 488 3080 dandi,
526 3025 588 3071 ad
622 3019 671 3068 τὸ
706 3015 836 3079 aigina
869 3025 1118 3072 auferendi
1150 3030 1316 3074 casu.“
1352 3061 1355 3064 -
1400 3027 1573 3083 Vides,
1609 3043 1754 3092 quam
1787 3026 1985 3082 similis,
2019 3040 2167 3088 quam
2198 3021 2369 3070 eadem
2400 3021 2531 3071 dixe-
2576 3024 2581 3033 “

318 3112 410 3161 rim
441 3112 561 3160 haec
597 3112 901 3165 constructio
937 3113 1031 3170 sit,
1067 3125 1212 3179 atque
1246 3132 1304 3162 ea
1338 3114 1398 3162 de
1433 3132 1530 3180 qua
1561 3113 1754 3162 locutus
1788 3130 1907 3160 sum.
1974 3111 2098 3161 Plin.
2121 3111 2213 3178 ΕΡ.
2235 3112 2342 3168 Vll,
2374 3116 2453 3168 26,
2479 3117 2528 3165 2·

319 3217 370 3246 ne
401 3207 747 3249 sermonibus
781 3208 946 3261 quidem
978 3207 1173 3256 malignis
1206 3217 1280 3248 aut
1317 3208 1570 3248 attendit
1608 3215 1685 3246 aut
1719 3206 1930 3255 alitum·
1965 3205 2217 3247 sermonibus
2250 3197 2315 3247 ad
2343 3204 2530 3246 attendit
