2843 3623
1357 170 1430 219 π

277 340 394 407 Cap.
441 340 586 390 XLII.
631 339 1040 393 Marcomanis
1100 339 1424 412 Quadisque
1489 359 1665 417 usque
1714 346 1801 396 ad
1844 356 2104 398 nostram
2157 348 2511 399 memoriam

477 434 654 491 reges
738 426 1081 468 manserunt
1151 435 1223 468 ex
1290 426 1458 491 gente
1523 421 1811 490 ipsorum,
1908 424 2092 475 nobile
2163 423 2515 485 Marebodui

498 504 550 547 et
597 495 772 547 Tudri
811 510 1022 567 genu33
1062 496 1185 545 iam
1225 505 1276 547 et
1316 504 1576 548 externos
1626 501 1944 567 patiuntur.
2035 500 2140 553 Sed
2183 502 2269 551 vis
2315 510 2366 552 et
2405 518 2518 571 po-

500 574 675 625 tentia
715 571 938 645 regibus
991 588 1064 622 ex
1114 575 1448 626 auctoritate
1484 574 1779 631 Romana.
1855 578 2008 629 Raro
2062 579 2242 629 armis
2293 580 2517 643 nostriS,

500 652 725 720 saepius
763 651 1010 720 pecunia
1066 650 1367 710 iuvantur-,-
1409 650 1550 701 ‘nec
1599 655 1837 704 minus
1888 654 2166 707 valent.

1222 774 1263 788 >se

467 831 547 881 Ad
562 831 713 881 verba
727 844 979 898 postrema
998 831 1387 881 subaudiendum
1415 852 1481 890 ea,
1511 835 1548 882 i.
1575 853 1616 884 e.
1640 852 1735 884 nec
1755 835 1918 884 minus
1945 836 2113 885 valent
2137 852 2279 900 reges
2303 836 2517 900 pecunia

275 909 462 968 nostra,
493 925 642 976 quam
669 908 816 958 armis
843 908 1054 968 nostriS,
1080 909 1168 962 tmb
1194 907 1248 971 ste
1269 907 1425 973 ticinen
1446 909 1558 973 nicht
1581 912 1767 974 meniget
1784 909 1967 977 (bamit)
1984 917 2087 962 «1116.
2152 908 2245 977 (cf.
2265 928 2310 960 o.
2333 919 2408 964 45.
2432 920 2520 960 iam

275 1001 318 1036 et
340 995 568 1047 pecuniam
608 993 791 1046 accipere
823 990 1075 1046 docuimus.)
1140 987 1220 1035 An
1252 987 1314 1035 iis
1346 1000 1537 1037 tantum
1569 989 1715 1037 rebus
1756 990 1935 1054 aliquis
1968 989 2130 1039 valere
2162 1000 2356 1054 potest,
2393 1005 2524 1053 quae,

275 1081 305 1112 a
337 1062 584 1128 principio
619 1061 775 1127 ipsius
809 1074 950 1110 erant
959 1095 975 1120 ,
1010 1080 1114 1111 non
1144 1063 1292 1110 etiam
1325 1063 1386 1111 iis
1401 1097 1422 1126 ,
1465 1081 1587 1130 quas
1620 1065 1683 1112 ab
1717 1065 1870 1112 altero
1904 1064 2133 1131 accepit?
2187 1071 2336 1111 Valere
2369 1063 2521 1128 signi-

273 1139 387 1186 ficat
428 1139 576 1186 etiam
606 1156 759 1197 posse,
801 1143 989 1196 efficere,
1021 1135 1275 1199 vetmfigen„
1310 1139 1582 1202 ααῧῐὶᾠῐεη)
1627 1158 1668 1189 c.
1705 1147 1780 1194 19.
1810 1147 1985 1201 plusque
2029 1147 2088 1188 ibi
2129 1147 2228 1188 boni
2255 1159 2394 1199 >mores
2435 1157 2521 1186 va·

241 1221 390 1271 ‘lent,
433 1232 561 1274 quam
605 1220 709 1260 alibi
754 1220 888 1261 bonae
935 1221 1056 1270 leges.
1130 1216 1258 1262 Ann.
1294 1217 1386 1273 XI,
1433 1224 1512 1269 24.
1561 1223 1763 1263 Romulus
1804 1230 1972 1263 tantum
2007 1225 2219 1276 sapientia
2251 1222 2421 1272 valuit,
2467 1228 2519 1262 ut

272 1297 488 1352 plerosque
529 1295 707 1350 populos
758 1296 899 1337 eodem
942 1296 1010 1337 die
1049 1296 1213 1347 hostes,
1251 1297 1346 1339 dein
1389 1293 1502 1338 cives
1533 1290 1744 1340 habuerit.
1813 1292 1948 1341 Caes.
1981 1295 2039 1340 Β.
2074 1293 2135 1339 G.
2170 1294 2241 1348 ΙΙ,
2280 1298 2356 1344 17.
2392 1297 2520 1351 quid-

278 1373 382 1429 quid
425 1381 628 1428 possunt,
676 1371 940 1414 terrestribus
980 1373 1131 1415 valent
1172 1376 1314 1429 copiis.
1360 1368 1493 1416 Flor.
1529 1369 1621 1427 Ill,
1661 1375 1714 1433 5,
1756 1375 1833 1422 24.
1881 1374 2161 1418 Mithridates
2195 1375 2360 1430 quidem
2395 1382 2517 1415 nocte

283 1450 361 1492 illa
396 1449 629 1492 debellatus
663 1457 742 1502 est,
779 1449 888 1490 nihil
920 1449 1028 1492 enim
1060 1458 1210 1506 postea
1240 1452 1397 1501 valuit,
1431 1464 1672 1507 quanquam
1707 1454 1851 1493 omnia
1886 1460 2094 1507 expertus.
2129 1447 2421 1513 Quanquam
2454 1444 2518 1492 de

278 1538 331 1568 re
364 1531 484 1568 nota
517 1520 711 1585 loquor.
756 1520 811 1567 Si
846 1522 963 1568 Tac.
997 1538 1101 1568 non
1136 1522 1432 1578 addidisset,
1480 1522 1593 1569 illos
1619 1538 1769 1587 *reges
1815 1539 1917 1569 non
1959 1523 2120 1569 minus
2168 1522 2382 1587 pecunia
2414 1524 2518 1568 Ro-

275 1614 533 1645 manorum
564 1597 749 1650 valere,
786 1615 934 1662 quam
968 1598 1116 1645 armis
1156 1615 1326 1646 eorum
1359 1598 1573 1656 adiutos,
1607 1597 1710 1647 non
1743 1599 1913 1657 video,
1950 1617 2050 1664 quo
2085 1600 2192 1664 jure
2228 1598 2395 1647 dicere
2429 1614 2523 1663 po-

275 1674 477 1723 tuisset:
513 1680 598 1719 iam
630 1687 672 1720 et
704 1687 896 1721 externos
924 1681 1269 1734 patiuntur?

471 1791 689 1842 omissi—o
724 1791 924 1840 ablativi
935 1809 1135 1858 ,quem
1166 1791 1368 1841 verbum
1398 1798 1543 1839 valere
1582 1792 1664 1841 hic
1707 1793 1957 1859 postulat,
2001 1806 2051 1842 et
2094 1793 2179 1859 qui
2223 1811 2281 1841 ex
2312 1808 2516 1858 praece-

280 1868 508 1918 dentibus
542 1867 692 1916 facile
734 1869 985 1934 repetitur,
1019 1868 1279 1924 neminem,
1316 1884 1477 1934 spero,
1512 1871 1802 1933 praesertim
1834 1871 1965 1935 apud
1999 1871 2238 1926 Tacitum,
2273 1868 2487 1916 offendet
2496 1884 2514 1930 3

275 1958 379 1994 tam
409 1944 620 2008 vulgaris
666 1956 742 1991 est
784 1944 1064 1992 huiusmodi
1105 1944 1337 2000 omissio,
1382 1956 1436 1990 ut
1479 1944 1531 1990 in
1575 1944 1771 2010 ellipses
1805 1946 2084 2002 Tacitinas,
2129 1962 2251 2010 quas
2285 1945 2385 1991 iam
2414 1945 2520 2011 pri-

277 2023 390 2071 dem
411 2021 647 2085 colligere
669 2021 832 2086 coepi,
863 2039 966 2069 non
989 2020 1277 2086 receperim.
1308 2021 1504 2085 Zumpt.
1534 2021 1618 2069 Gr.
1651 2021 1690 2082 ᾗ.
1717 2029 1831 2075 766.
1855 2020 1925 2070 Cf.
1955 2039 1998 2069 c.
2024 2028 2098 2075 29.
2139 2029 2250 2068 Nam
2272 2041 2344 2068 nec
2378 2027 2517 2068 tribu-

282 2107 337 2147 tis
371 2111 707 2154 contemnuntur,
733 2115 813 2175 (κε
838 2102 1089 2156 publicanus
1124 2104 1304 2154 atterit,-
1339 2114 1409 2144 sc.
1437 2112 1538 2145 eos.
1571 2115 1614 2145 c.
1651 2104 1726 2150 24.
1760 2116 1812 2145 ea
1843 2112 1905 2144 est
1939 2105 1982 2144 in
2018 2115 2062 2144 re
2083 2115 2231 2158 prava
2258 2105 2517 2158 pervicacia,

282 2183 363 2235 ipsi
387 2181 518 2231 fidem
553 2187 739 2229 vocanc3
777 2190 842 2220 sc.
880 2189 1013 2219 eam
998 2206 1015 2235 ,
1064 2173 1116 2219 in
1152 2171 1331 2238 quibus
1365 2174 1599 2238 exemplis
1634 2174 1759 2220 adeo
1795 2175 1894 2221 alio
1930 2190 2050 2219 casu
2084 2175 2413 2240 supplendum
2445 2185 2518 2220 est

276 2267 579 2316 pronomen,
623 2268 771 2315 quam
807 2267 905 2313 quo
935 2249 1202 2329 praecedit.
1272 2250 1540 2313 Tucyd.1‚
1579 2256 1683 2302 144.
1742 2249 1921 2298 Τοιίτοις
1962 2246 2276 2310 ἀποκρινάμενοι
2313 2243 2519 2305 οἱποπέμ-

276 2323 441 2386 ψωμεν
463 2343 535 2374 sc
564 2323 740 2375 αὐτούς
766 2327 802 2383 1,
828 2337 907 2376 20.
935 2321 1002 2367 τῶ
1037 2316 1262 2385 Ιπποίςχᾳ
1287 2321 1576 2386 περιτυχόντες
1593 2356 1655 2364 —
1675 2315 1914 2384 δικκοσμω
1912 2339 1969 2370 ντι
2001 2319 2250 2370 ἀπέκτειναν
2276 2342 2345 2373 sc.
2367 2319 2518 2367 oeu‘w‘v.

474 2433 583 2483 Nisi
606 2432 739 2482 tibi
721 2450 819 2481 lam
842 2445 1016 2481 notum
1038 2433 1127 2491 sit,
1149 2433 1227 2484 vix
1250 2433 1396 2482 fidem
1415 2432 1601 2482 tribues
1620 2433 1741 2481 mihi
1769 2433 1979 2490 dicenti,
2015 2432 2232 2481 editores
2273 2443 2322 2480 et
2367 2431 2520 2479 inter·

279 2523 460 2579 prete's,
483 2511 619 2577 quod.
635 2511 802 2568 sciam,
830 2528 1002 2558 omnes
1035 2510 1099 2557 ad
1120 2528 1270 2557 unum
1292 2510 1528 2568 nescisse,
1557 2511 1677 2579 quid
1707 2511 1784 2558 his
1806 2511 1969 2559 verbis
2002 2510 2234 2559 facerent.
2300 2508 2522 2565 Plurimi,

283 2606 494 2654 quorum
527 2604 699 2652 agmen
718 2586 903 2635 Walch
937 2585 1147 2643 claudit,
1186 2604 1299 2634 cum
1332 2587 1651 2651 sequentibus
1686 2587 2003 2651 coniungunt,
2038 2592 2336 2647 nequc.minus
2369 2592 2522 2631 valent

280 2679 393 2713 retro
445 2669 679 2721 Marsigni,
719 2670 893 2715 Gothini
938 2671 1032 2711 etc.⁴
1085 2664 1216 2710 Num
1250 2664 1371 2712 Tac.
1403 2663 1624 2729 proxime
1659 2675 1772 2711 ante
1813 2663 1962 2719 dixit,
2012 2663 2356 2709 Marcomanos
2391 2662 2524 2728 Qua-

285 2742 476 2807 dosque
509 2740 716 2788 multum
749 2739 945 2789 valere?
978 2751 1052 2796 et,
1085 2739 1128 2786 si
1161 2739 1259 2787 hoc
1294 2740 1505 2787 concedi
1537 2752 1735 2806 posset,
1770 2739 1855 2805 qui
1890 2739 2053 2785 dicere
2083 2738 2276 2803 potuit,
2312 2738 2523 2802 Marsig-

283 2833 406 2874 nos,
441 2816 688 2865 Gothinos
715 2828 809 2866 etc.
850 2834 954 2863 non
986 2816 1148 2862 minus
1181 2816 1373 2873 valere,
1408 2815 1470 2862 de
1505 2816 1682 2881 quibus
1715 2815 1950 2880 proximis
1984 2813 2203 2860 versibus
2239 2807 2520 2876 subiungit,

287 2900 460 2940 Partem
509 2898 764 2940 tributorum
814 2900 1064 2945 Sarmatae,
1106 2907 1274 2951 partem
1318 2899 1463 2955 Quadi
1506 2907 1555 2939 ut
1601 2899 1843 2948 alienigenis
1888 2898 2123 2950 imponunt.
2190 2893 2392 2948 Gotkini,
2440 2909 2526 2951 quo

286 2979 420 3028 magis
450 2978 636 3031 pudeat,
663 2976 831 3030 serrum
867 2966 1114 3026 effodiunt?

455 3079 629 3146 „Quod
661 3079 727 3129 ad
757 3070 916 3146 ellissss.
949 3075 1077 3129 verb.
1101 3093 1227 3138 quam
1262 3083 1392 3123 armis
1426 3076 1601 3125 attinet
1634 3076 1696 3125 cf.
1731 3076 1882 3126 Roth.
1914 3076 2063 3125 Corn.
2088 3077 2211 3125 Tac.
2247 3092 2525 3143 synonyma

288 3171 383 3205 etc.
415 3174 530 3224 pag.
566 3163 646 3208 411.
694 3159 843 3213 ‚,Tac.
876 3173 993 3205 vero
1024 3172 1082 3202 ex
1115 3153 1262 3200 rebus
1297 3153 1485 3200 duabus
1522 3156 1819 3219 comparatis
1854 3154 2085 3210 alteram,
2122 3171 2251 3219 quae
2286 3154 2524 3218 sequitur,

290 3235 489 3298 saepius
521 3231 759 3280 omittit.“
790 3233 919 3280 Hist.
956 3234 1006 3287 Ι,
1045 3239 1121 3283 12.
1173 3237 1267 3276 Non
1300 3248 1401 3276 sane
1439 3236 1625 3276 crebrior
1658 3245 1758 3278 tota
1789 3238 1971 3277 civitate
2005 3249 2140 3278 sermo
2168 3249 2252 3290 per
2281 3236 2375 3277 illos
2408 3248 2528 3276 men·

291 3329 355 3359 ses
377 3316 564 3369 suerat,
597 3325 671 3360 sc.
706 3325 854 3374 quam
888 3307 949 3357 de
981 3308 1077 3358 hac
1109 3324 1189 3367 re,
1225 3324 1373 3374 quam
1405 3305 1504 3356 ille.
1988 3356 1991 3357 γ
2097 3382 2126 3411 1

2048 3391 2080 3438 4
