2843 3623
1335 151 1395 202 48

450 331 711 372 Litterarum
732 331 893 370 secreta
918 330 994 367 est
1016 320 1390 370 circumlocutio
1419 318 1633 369 nominis
1660 326 1833 371 litterae
1866 321 1954 384 (cf.
1983 312 2240 374 Matthiaei
2273 327 2487 375 Gramm.

251 432 322 479 gr.
363 413 404 474 §.
429 409 579 475 430),
615 409 871 475 aptissima
905 407 1004 455 illis
1037 410 1372 475 temporibus,
1409 409 1586 475 quibus
1621 411 1753 476 apud
1787 411 2070 462 Germanos·
2096 430 2156 460 ea
2188 432 2268 463 ars
2303 413 2487 478 ignota,

250 520 326 549 res
361 513 555 549 secreta
587 511 706 547 erat.
742 496 846 546 Liv.
881 497 926 555 I,
959 504 1005 551 7.
1042 503 1244 545 Evander
1275 530 1342 538 —
1373 502 1625 546 venerabilis
1655 507 1727 547 vir
1759 507 2030 548 miraculo
2070 503 2393 560 literarum,
2430 509 2491 550 rei

249 607 387 637 novae
421 596 530 635 inter
563 593 687 634 rudes
731 593 890 632 artium
942 589 1141 633 homines.
1231 588 1385 635 Recte
1419 588 1537 635 Tac.
1574 586 1716 645 dicit,
1770 604 1874 637 non
1915 587 2076 637 solum
2116 588 2352 649 feminae,
2402 589 2491 639 sed

248 677 397 725 etiam
428 674 522 723 viri
555 674 719 739 legere
761 672 1014 730 nesciunt,
1065 690 1216 737 quum
1254 675 1418 723 multis
1454 686 1503 723 et
1534 675 1838 741 temporibus
1870 688 1920 725 et
1963 675 2108 725 terris
2150 676 2259 734 fiat,
2303 688 2359 724 ut
2399 677 2491 725 viri

249 764 436 821 sciant,
470 761 686 811 feminae
719 760 960 809 nesciant.
1030 759 1141 809 Jam
1176 759 1331 810 risum
1362 762 1567 812 teneatis
1620 763 1766 812 amici
1814 781 1965 829 quum
1997 762 2230 822 audietis,
2284 751 2382 828 qua
2412 781 2492 812 ra-

249 852 387 901 tione
423 849 488 900 ad
519 866 670 898 unum
704 864 905 907 omnes,
943 864 1070 914 quos
1105 847 1292 907 evolvi,
1328 849 1492 899 locum
1523 849 1878 900 transtulerint.
1946 850 2160 900 Walch:
2196 847 2493 916 ,heimlidstei’

249 945 319 987 ten
367 940 448 996 bes,
478 933 805 1000 ffitiefmedn'elss
851 933 1008 983 sennen
1043 931 1242 984 ffltdnnet
1276 936 1321 998 so
1357 937 1525 1000 menig,
1560 937 1630 986 ‹11ss
1664 938 1853 997 ῧταιιεη.
1929 934 2213 986 Schlueterz
2259 938 2371 988 Qun
2405 937 2493 986 ssie=

248 1026 490 1087 besbtiefen
525 1025 633 1087 mei&
669 1023 808 1072 mebet
842 1021 994 1073 §mann
1029 1021 1132 1085 nod>
1169 1023 1312 1074 ἓξὶείῢ.
1378 1025 1467 1084 At,
1512 1041 1719 1092 quaeso,
1765 1024 1852 1092 qui
1885 1024 1990 1074 fieri
2022 1024 2291 1093 potuisset,
2335 1007 2391 1075 ut
2421 1025 2492 1074 al·

182 1172 189 1179 Ι
252 1127 328 1163 ter
360 1130 504 1162 sexus
546 1112 869 1180 epistolarum
902 1113 1249 1161 amatoriarum
1283 1113 1616 1178 cognitionem
1648 1114 1876 1173 haberet,
1938 1114 2063 1164 alter
2092 1112 2383 1179 ignoraret?
2439 1125 2493 1162 ut

249 1203 341 1251 viri
375 1201 614 1271 epistolas
651 1200 917 1249 amatorias
953 1200 1252 1260 scriberent,
1302 1218 1421 1268 quas
1454 1200 1668 1250 feminae
1699 1201 1861 1268 legere
1905 1218 2009 1251 non
2041 1201 2286 1271 possent?
2334 1200 2492 1251 Nimi-

250 1308 359 1337 rum
380 1308 484 1338 non
507 1290 567 1338 de
593 1289 880 1354 cognitione
905 1290 1079 1347 solum,
1116 1290 1204 1337 sed
1232 1290 1381 1337 etiam
1406 1289 1466 1336 de
1494 1306 1588 1337 usu
1617 1307 1777 1339 sermo
1813 1290 1878 1338 sit
1901 1302 2115 1357 oportet.
2183 1293 2337 1340 Recte
2371 1306 2489 1341 vero

249 1394 355 1424 rem
389 1378 628 1444 expressit
661 1379 796 1433 Tac„
833 1377 876 1422 si
911 1376 971 1422 de
998 1377 1282 1440 cognitione
1315 1377 1586 1424 litterarum
1618 1378 1671 1423 in
1703 1378 1985 1426 universum
2017 1379 2213 1426 locutus
2243 1388 2343 1434 est,
2389 1386 2495 1422 tum

248 1466 381 1512 enim
426 1466 547 1513 satis
582 1465 760 1512 fuisset
804 1463 868 1511 ad
901 1464 1291 1530 corrumpendos
1336 1481 1528 1522 omnes,
1582 1476 1631 1512 et
1662 1464 1953 1512 muliebrem
1995 1482 2186 1524 sexum,
2243 1464 2286 1511 si
2333 1462 2488 1512 virilis

251 1554 387 1600 solus
422 1553 578 1600 libros
611 1552 687 1600 vel
723 1552 940 1600 carmina
972 1551 1242 1617 pudicitiae
1277 1551 1560 1616 perniciosa
1591 1552 1752 1616 legere
1785 1553 2045 1618 potuisset.

249 1705 364 1772 Cap.
378 1707 501 1757 XXI.
525 1706 772 1757 Abeunti
794 1702 1082 1777 (hospiti),
1103 1709 1148 1757 si
1162 1707 1296 1776 quid
1312 1711 1640 1776 poposcerit,
1659 1710 1953 1761 concedere
1968 1710 2163 1772 moriS,
2188 1718 2240 1759 et
2257 1723 2489 1778 poscen-

358 1796 415 1845 di
441 1797 688 1846 invicem
717 1796 919 1846 eadem
938 1790 1195 1863 facilitas
1208 1813 1226 1855 ,-
1261 1796 1515 1867 gaudent
1546 1797 1897 1861 muneribu3‚
1939 1798 2034 1848 sed
2065 1813 2164 1847 nec
2204 1796 2340 1846 data
2377 1796 2489 1844 im.-

364 1891 594 1953 putant,
618 1898 719 1934 nec
752 1884 989 1952 acceptis
1025 1883 1384 1954 obligantur5
1413 1886 1646 1934 victu-s
1677 1885 1865 1935 inter
1899 1884 2070 1954 hosp
2088 1886 2106 1934 i
2122 1892 2217 1936 tes
2250 1898 2276 1933 c
2292 1898 2322 1934 ο
2338 1883 2491 1932 mis.

443 1994 580 2042 Haec
613 2003 867 2058 postrema
899 1991 1047 2043 verba
1099 1990 1222 2040 duce
1256 1990 1506 2042 Bletherio
1547 1991 1690 2042 multi
1734 2004 1818 2043 aut
1863 1992 2226 2060 improbarunt,
2273 2001 2329 2041 ut
2359 1990 2493 2047 Ern„

251 2080 447 2139 Oberl.,
482 2080 711 2146 Dilthcy,
761 2092 844 2128 aut
875 2080 1017 2129 uncis
1052 2079 1382 2136 incluserunt,
1428 2091 1482 2127 ut
1517 2079 1800 2139 Schlueter,
1848 2081 2099 2139 Seebode,
2155 2079 2364 2136 Walch,
2409 2088 2493 2126 aut

249 2180 611 2233 expunxerunt,
659 2179 715 2214 ut
747 2166 1065 2222 Woltmann‚
1112 2166 1320 2223 Jacobs,
1368 2167 1642 2223 Gutmann,
1685 2167 1799 2229 alii3
1854 2168 2099 2217 retinuere
2130 2169 2353 2222 Passow,
2411 2164 2493 2212 Bi-

247 2253 431 2311 schoff,
478 2256 631 2310 Hess,
680 2254 957 2310 Guenther‚
1002 2253 1220 2309 Beldzer‚
1267 2253 1500 2301 Teubert.
1568 2254 1748 2310 Orelli,
1796 2255 2022 2312 Passow,
2068 2256 2221 2312 Hess,
2269 2251 2493 2300 Ricklefs

246 2340 635 2406 propugnaculis
678 2358 738 2388 ea
769 2340 960 2388 munire
1005 2340 1173 2389 conati
1214 2351 1329 2388 sunt
1372 2357 1612 2406 perquam
1655 2340 1894 2399 infirmis,
1948 2357 2073 2406 quae
2122 2340 2284 2406 primo
2328 2338 2495 2388 statim

249 2427 464 2476 clamore
509 2440 775 2486 corruunt,
830 2445 1002 2494 quum,
1057 2427 1200 2484 dico,
1246 2443 1334 2475 eos
1366 2443 1718 2492 provocamus,
1760 2439 1814 2476 ut
1846 2445 1997 2476 unum
2029 2444 2086 2475 ex
2119 2426 2337 2493 antiquis
2371 2425 2493 2475 scri-

250 2514 477 2580 ptoribus
511 2515 786 2581 exemplum
815 2514 1025 2562 afferant
1061 2514 1166 2561 eius
1200 2513 1590 2578 significationis,
1629 2531 1776 2580 quam
1807 2532 1990 2563 nomen
2022 2522 2163 2562 victus
2194 2515 2277 2563 hic
2310 2513 2492 2561 habere

251 2614 518 2660 autumant,
553 2619 731 2669 nempe
766 2602 867 2651 vita
898 2603 1155 2651 hominum
1189 2601 1405 2659 socialis,
1439 2603 1540 2651 vita
1575 2604 1847 2653 communis
1881 2603 2178 2660 amicorum,
2232 2618 2493 2652 conversa-

251 2690 322 2736 tio
356 2690 624 2746 hominum,
657 2690 735 2739 vel
766 2701 822 2737 ut
841 2690 1066 2741 Ricklefs
1100 2690 1278 2738 voluit:
1316 2690 1594 2746 convictus,
1648 2689 2055 2749 Rufammenleben,
2088 2691 2311 2750 umgang.
2415 2687 2495 2734 Si-

249 2775 452 2843 gnificat
487 2777 686 2843 quidem
720 2776 871 2826 etiam
901 2785 1023 2826 vitae
1059 2784 1281 2835 racionem,
1319 2776 1407 2826 sed
1439 2787 1629 2827 tantum
1663 2775 1800 2842 quod
1831 2776 1895 2827 ad
1928 2794 2124 2846 corpus,
2160 2792 2351 2834 sensu8‚
2387 2791 2492 2824 non

251 2863 390 2931 quod
421 2863 486 2911 ad
519 2865 667 2922 Deos,
702 2864 975 2922 civitatem,
1008 2865 1260 2923 homines,
1299 2864 1515 2911 animum
1547 2863 1740 2914 attinet.

446 2954 610 3019 Quum
643 2964 755 2999 ante
789 2954 883 3000 hos
918 2964 1021 3000 tres
1055 2969 1213 3000 annos
1245 2953 1469 3000 Caesaris
1505 2953 1891 3018 descriptionem
1923 2953 2217 3001 Germaniae
2255 2969 2366 3012 cum
2397 2954 2492 3002 hae

249 3051 421 3087 nostra
468 3039 751 3088 conferrem
797 3039 1111 3104 veniremque
1155 3040 1220 3088 ad
1264 3039 1411 3087 finem
1455 3040 1633 3106 capitis
1668 3047 1746 3092 23.
1789 3042 1843 3087 L.
1875 3041 1958 3090 VI.
1991 3043 2050 3087 B.
2084 3039 2172 3096 G.,
2216 3039 2302 3088 ubi
2339 3040 2491 3089 (licita

251 3135 304 3174 iis
346 3134 532 3174 omnium
577 3134 725 3174 domus
760 3139 921 3186 patent
964 3133 1181 3185 victusque
1224 3134 1578 3184 communicatur,
1629 3126 1796 3175 subito
1829 3127 1883 3174 in
1914 3138 2128 3174 mentem
2168 3128 2291 3176 mihi
2330 3128 2491 3178 venitz'

253 3221 393 3263 victus
417 3222 529 3263 inter
550 3220 734 3273 hospites
766 3219 1084 3270 communis,
1120 3225 1170 3262 et
1203 3213 1276 3262 sic
1299 3214 1527 3263 Tacitum
1559 3213 1822 3280 scripsisse
1856 3214 2282 3280 persuasissimum
2314 3214 2489 3266 habeo.
