2843 3623
1405 185 1433 231 5
1489 210 1498 218 .

442 385 445 389 -
511 348 706 399 Deinde
742 348 786 397 si
818 347 1067 414 scriptura
1088 353 1161 396 ita
1185 355 1378 398 nationis
1409 361 1583 417 nomen,
1625 369 1733 398 non
1764 358 1903 408 gentis
1933 369 1964 399 a
1996 352 2173 400 Tacito
2206 363 2284 401 est
2303 351 2545 418 profecta,

314 438 393 488 his
438 436 602 487 verbis
646 436 791 495 dixit,
858 437 960 502 jam
1008 447 1122 484 ante
1164 453 1348 486 nomen
1391 437 1747 486 Germanorum
1805 437 2025 486 additum
2076 432 2258 486 nomen
2301 430 2552 505 quoddam

315 524 477 591 gentis
510 524 763 573 universae
796 521 1057 574 exstitisse.
1094 523 1258 577 (Natio
1292 523 1440 580 enim,
1473 524 1667 571 nemine
1703 525 1840 589 quod
1874 525 2029 571 sciam
2060 537 2379 591 repugnante,
2416 538 2552 574 certe

308 624 488 662 metro
520 613 661 670 loco,
698 612 902 659 denotat
935 610 1057 657 einen
1092 609 1306 669 Angelum
1340 609 1638 669 §Boltssfiamm
1654 644 1668 668 ,
1717 630 1820 667 gens
1858 611 1940 659 bae
1975 624 2109 671 ganfie
2144 612 2291 669 98011,
2337 625 2393 660 ut
2422 613 2549 663 Veli.

315 702 492 749 Patere
517 702 591 757 ³11,
638 695 726 756 98¹,
781 706 827 750 1.
876 704 1067 745 omnibus
1112 705 1200 745 eius
1230 705 1373 755 gentis
1404 707 1653 747 nationibus
1685 708 1732 747 in
1767 717 1891 746 arma
1927 705 2146 755 accensis.)
2201 700 2267 747 At
2301 700 2552 765 quodnam
2591 692 2599 702 ⁸

311 788 406 839 fuit
436 787 561 836 illud
591 783 809 835 nomen?
864 802 952 834 cur
986 787 1122 843 Tac„
1161 785 1247 851 qui
1279 785 1360 836 hic
1393 797 1448 834 ut
1488 786 1548 834 de
1579 803 1632 834 re
1665 797 1804 835 certa
1837 785 1899 834 de
1932 803 1992 834 eo
2026 785 2272 852 loquatur,
2307 804 2550 855 nusquam
2583 808 2606 825 =

316 875 420 923 eius
452 873 754 922 mentionem
785 872 906 921 fecit
939 871 992 919 in
1023 872 1122 920 hoc
1156 870 1327 920 libello
1363 873 1424 920 de
1446 872 1704 921 Germanis
1725 873 2004 939 'separatim
2037 872 2271 939 scripto?
2302 891 2391 922 cur
2421 876 2553 941 apud

314 961 559 1011 neminem
591 973 806 1009 veterum
841 958 1140 1026 scriptorum
1160 958 1225 1007 de
1254 959 1353 1008 hoc
1374 959 1574 1008 nomine
1608 960 1879 1027 quidquam
1910 959 2156 1026 legimus?
2190 959 2365 1010 Luden
2388 961 2440 1010 in
2473 979 2550 1020 eo,

309 1028 452 1118 'quod
482 1048 516 1098 ·l.
546 1048 579 1096 l.
614 1050 652 1096 1.
687 1063 737 1113 p.
775 1053 837 1100 23
884 1045 946 1095 de
981 1045 1230 1095 communi
1259 1047 1461 1095 nomine
1496 1053 1730 1096 Teutonum
1774 1047 1920 1106 dicit,
1967 1048 2101 1096 haud
2128 1047 2302 1107 facile,
2352 1048 2547 1115 opinor,

312 1136 459 1187 nobis
491 1131 825 1204 persuadebit.
838 1137 841 1141 '

504 1246 676 1296 Altera
728 1245 871 1294 huius
924 1246 1026 1297 loci
1077 1246 1370 1317 expediendi
1413 1247 1570 1306 ratio,
1628 1264 1775 1314 quam
1818 1258 2005 1296 rectam
2056 1246 2280 1314 judicant
2321 1247 2547 1305 Bredow,

318 1333 581 1402 Sprengel‚
617 1330 867 1391 Bischoff,
905 1334 1158 1395 Weikert,
1197 1336 1470 1394 Gutmann,
1509 1334 1619 1393 alii,
1656 1334 1922 1384 lectionem
1952 1332 2144 1401 profert
2176 1341 2364 1382 nationis
2395 1341 2440 1381 in
2476 1353 2553 1382 no-

316 1440 410 1470 men
442 1428 583 1479 gentis
622 1452 682 1461 —
709 1421 893 1481 prim'um
929 1440 957 1470 a
986 1431 1114 1472 victis
1144 1429 1199 1472 ob
1231 1438 1359 1482 met.,
1395 1439 1542 1489 quam
1574 1423 1783 1471 Bredow
1814 1421 1891 1471 his
1925 1420 2087 1484 verbis
2122 1421 2376 1488 explanat:
2425 1439 2552 1480 „no-

315 1525 428 1556 men
463 1507 928 1567 Germanorum,
986 1527 1085 1575 quo
1119 1511 1330 1560 Romani
1379 1509 1592 1574 majores
1642 1519 1846 1558 nostros
1891 1508 2234 1567 nominavere,
2283 1508 2346 1557 ab
2376 1508 2555 1557 eadem

313 1594 501 1661 origine
556 1594 756 1643 ductum
815 1611 923 1645 esse
977 1596 1192 1656 videtur,
1269 1596 1399 1646 unde
1458 1613 1552 1645 vox
1605 1595 1824 1644 Gallica:
1873 1611 2118 1660 guerre:
2188 1594 2258 1643 ita
2312 1607 2367 1643 ut
2419 1595 2554 1644 Galli

311 1683 443 1751 pulsi
489 1681 705 1748 victique
746 1681 859 1731 illos
911 1682 1138 1732 Rhenum
1177 1696 1514 1749 transgressos
1559 1700 1662 1732 non
1711 1684 1912 1732 nomine
1951 1681 2083 1750 apud
2129 1672 2267 1748 ipsos
2307 1684 2409 1749 jam
2451 1681 2554 1731 usi-

311 1781 444 1829 tato,
498 1769 587 1817 sed
631 1769 828 1816 nomine
864 1762 1089 1830 invento,
1144 1771 1209 1820 ob
1244 1782 1428 1818 metum
1453 1753 1656 1821 vViros
1701 1770 1860 1819 belli
1909 1770 2205 1820 vocaverint.
2285 1770 2429 1838 Quod
2461 1787 2550 1818 no·

311 1876 425 1907 men
458 1857 636 1906 ceteris
670 1857 955 1932 nationibus
988 1861 1147 1924 gentis
1191 1859 1495 1915 teutonicae,
1542 1859 1663 1906 boni
1699 1860 1876 1907 ominis
1912 1877 2084 1917 causa,
2137 1858 2350 1925 placuit,
2407 1870 2462 1906 ut
2497 1875 2549 1906 se

316 1947 452 2012 ipsos
490 1946 764 2007 Germanos
799 1958 1058 2003 vocarent,
1116 1963 1214 2012 qua
1255 1946 1446 1993 ratione
1478 1947 1696 1995 nationis
1725 1946 1818 2005 (sc.
1865 1963 2086 1993 nomen
2129 1963 2156 1993 e
2192 1941 2462 2010 sequenti.)
2497 1943 2550 1990 in

314 2049 495 2082 nomen
525 2030 684 2096 gentis
719 2031 951 2080 evaluiffl‘

507 2140 692 2188 Contra
724 2140 845 2187 haec
880 2139 1179 2188 monendum
1212 2153 1310 2189 est:

513 2226 725 2294 primum
746 2226 895 2275 lectio
917 2235 981 2274 ita
1003 2236 1195 2276 nationis
1212 2230 1267 2275 'in
1292 2246 1439 2276 nomen
1455 2235 1609 2285 gentis,
1632 2244 1781 2293 quam
1813 2230 1848 2276 1.
1873 2229 1934 2275 H-
1963 2231 2092 2279 Voss
2115 2227 2334 2296 conjecit
2366 2238 2416 2275 et
2433 2229 2549 2274 Bre-

311 2316 448 2371 dow,
503 2314 748 2372 Bischoff,
796 2315 1069 2381 Alte‘nburg
1103 2317 1155 2365 in
1187 2328 1469 2365 contextum
1501 2315 1763 2365 verborum
1795 2328 2111 2382 receperunt,
2147 2316 2225 2366 vix
2258 2305 2410 2363 latina
2444 2325 2517 2361 est
2528 2332 2544 2375 3

309 2418 474 2467 neque
492 2402 705 2449 Acidalii
740 2403 1027 2467 conjectura
1062 2412 1249 2450 nationis
1273 2401 1421 2450 n'omen
1455 2411 1497 2449 in
1535 2422 1681 2450 nomen
1701 2411 1855 2460 gentis,
1893 2420 2041 2467 quam
2061 2404 2183 2468 Bip„
2221 2402 2384 2450 Oberl.
2410 2418 2548 2448 rece-

308 2501 503 2557 perunt,
540 2491 626 2536 Im.
655 2489 852 2536 Bekker
878 2492 1098 2549 retinuit,
1132 2491 1337 2561 probari
1354 2502 1539 2558 potest,
1572 2492 1677 2558 jam
1711 2491 1823 2538 ideo
1859 2490 1995 2556 quod
2028 2489 2219 2555 longius
2251 2506 2281 2536 a
2302 2489 2547 2555 scriptura

310 2577 464 2626 Codd.
501 2577 699 2625 recedit.

511 2685 705 2734 Deinde
750 2673 1084 2752 conjecturam
1129 2686 1307 2735 Mureti
1348 2705 1381 2733 a
1411 2694 1538 2734 victis
1587 2704 1679 2754 pro
1733 2705 1761 2732 a
1793 2693 1956 2734 victore
1984 2703 2038 2743 Va
2070 2685 2357 2743 Dithmaro‚
2419 2683 2549 2733 Ade-

310 2762 478 2836 lungio
527 2772 812 2837 probatam,
871 2791 900 2820 a
942 2775 1215 2830 Bredovio,
1270 2765 1568 2830 Bischoffio,
1633 2776 1871 2839 Spreng.,
1938 2773 2132 2828 Weik.‚
2197 2772 2366 2819 Gutm.
2413 2788 2550 2819 reoe-

309 2869 467 2923 ptam,
501 2859 648 2906 nimis
683 2859 917 2906 audacem
949 2877 1080 2916 esse,
1117 2861 1264 2908 facile
1300 2860 1507 2924 quisque
1540 2859 1790 2907 concedet.

510 2971 638 3016 Tum
669 2969 712 3015 si
745 2961 948 3016 Tacitus
983 2969 1044 3015 de
1078 2970 1237 3033 prima
1278 2969 1494 3015 nominis
1539 2970 1919 3023 Germanorum,
1963 2978 2021 3015 ut
2049 2969 2267 3016 nominis
2309 2968 2545 3024 nationis,

315 3053 505 3117 origine
538 3054 679 3120 loqui
712 3055 977 3111 voluisset,
1015 3055 1076 3102 de
1109 3054 1409 3119 etymologia
1441 3054 1540 3101 sive
1564 3053 1920 3117 significatione
1945 3055 2087 3102 huius
2110 3054 2248 3103 vocis
2284 3053 2549 3101 dicendum

311 3142 360 3191 ei
390 3138 591 3198 suisset,
628 3160 803 3207 quum,
839 3142 975 3208 quod
1007 3142 1060 3189 in
1092 3141 1345 3192 vocabulis
1374 3141 1570 3207 graecis
1602 3140 1766 3199 licuit,
1810 3160 1913 3190 non
1943 3151 2117 3207 posset
2150 3140 2393 3206 cogitare,
2439 3154 2548 3186 eam

311 3238 483 3277 notam
514 3228 611 3276 iam
641 3244 753 3278 esse
785 3229 1106 3297 popularibus
1137 3229 1252 3279 suis.
