2843 3623
1349 168 1412 238 ⁴9

270 360 479 430 ‘‚,Verbo
509 360 666 412 vietus
711 356 1052 415 eontinentur,
1103 369 1230 422 quae
1272 356 1378 404 esui
1408 355 1651 423 potuique
1683 359 1932 427 miltuique
1975 362 2224 430 corporis,
2273 376 2501 428 quaeque

276 451 342 501 ad
380 449 639 500 vivendum
677 446 869 497 homini
913 445 1195 494 necessaria
1238 452 1366 495 sunt.
1434 448 1638 496 Vestem
1684 466 1882 516 quoque
1915 451 2097 500 victum
2127 451 2309 499 habere
2340 449 2501 498 vicem

274 538 431 589 Labio
466 537 586 587 ait.“
657 535 855 603 [Upim.
890 533 944 582 in
975 532 1205 582 Pandect.
1243 541 1327 591 16,
1373 539 1453 588 43.
1487 564 1553 575 -
1587 535 1871 587 Sexcenties
1915 547 2042 587 comis
2071 552 2120 589 et
2152 547 2378 588 communis
2408 554 2502 605 per

277 626 625 694 compendium
657 624 929 691 scripturae
962 622 1061 671 co'ls
1094 620 1146 669 in
1179 620 1334 671 Codd.
1380 620 1509 670 inter
1558 639 1612 672 se
1647 626 1938 674 commutari
1970 643 2116 675 nemo
2150 626 2360 692 ignorat.
2426 624 2500 676 Cf.

277 714 476 765 Ruhnk.
507 713 574 762 ad
610 715 808 769 Terent.
850 710 1022 758 Heaut.
1055 712 1128 766 V,
1175 715 1225 766 1,
1269 714 1350 763 39.
1386 709 1636 760 Goerenz.
1666 711 1731 760 ad
1763 712 1920 761 Cicer.
1953 714 2058 762 Fin.
2092 714 2163 772 11,
2214 719 2294 766 25.
2325 717 2384 765 V.
2421 719 2502 767 23.

277 803 512 854 Ottonem
544 799 609 849 ad
644 798 747 849 Cic.
784 796 976 846 Senect-
1015 801 1094 848 ¹17.
1126 807 1175 844 et
1207 795 1332 846 alios
1365 795 1563 847 multos-
1599 786 1909 849 Communieare
1955 800 2008 849 in
2053 799 2171 850 loco
2204 800 2500 850 Caesariano

278 887 578 958 primitivam
611 902 748 936 suam
780 883 932 933 hahet
949 881 1060 941 urim
1071 915 1087 941 ‚
1124 899 1250 949 quae
1281 902 1384 935 non
1417 895 1494 934 cst
1526 891 1625 936 dare
1657 893 1784 936 alicui
1818 893 2005 950 aliquid,
2040 886 2129 937 sed
2163 886 2377 935 commune
2408 893 2504 936 red-

278 983 374 1024 dere
419 979 606 1036 aliquid,
650 976 790 1021 etwas
835 982 930 1031 aum
977 965 1552 1035 g'emeinfspaftli&e‚n
1593 974 1856 1037 &genapum
1899 973 2084 1037 macheu.
2127 975 2236 1030 Liv.
2278 976 2372 1033 IV,
2432 980 2508 1027 56.

278 1063 359 1113 fin.
395 1068 443 1111 Si
475 1066 645 1125 quando
672 1065 902 1123 promiscui
932 1061 1133 1117 honores,
1165 1067 1473 1108 communicata
1506 1068 1738 1123 respublica
1770 1076 1878 1111 esset
1909 1075 2006 1112 etc.
2039 1063 2235 1129 Herzog
2269 1061 2335 1111 ad
2368 1060 2506 1111 Caes.

279 1153 337 1203 Β.
381 1151 439 1200 G.
474 1150 572 1208 VI,
611 1137 695 1203 43.
742 1141 1146 1220 ‘„communicare
1188 1150 1324 1197 etwas
1359 1149 1527 1211 &iguess
1574 1148 1677 1213 aad>
1724 1163 1818 1212 gum
1852 1151 2113 1214 &igentbum
2164 1152 2281 1202 eines
2332 1149 2510 1200 luberti

279 1237 474 1302 mathca,
506 1237 553 1300 fo
589 1236 673 1300 ῦαβ
707 1234 929 1299 gleichsam
970 1235 1060 1283 eine
1092 1236 1371 1284 communio
1414 1236 1682 1297 bonorum,
1729 1239 2103 1299 sententiarum,
2152 1256 2315 1288 rerum
2348 1249 2510 1306 gesta·

281 1345 389 1376 rum
423 1324 651 1386 entstebtf‘
732 1325 853 1388 Tag.
885 1322 1034 1387 igitur
1062 1323 1140 1368 his
1175 1323 1339 1372 verbis
1374 1325 1520 1383 dicit,
1557 1327 1689 1392 apud
1723 1327 1999 1376 Germanos
2035 1345 2144 1376 esse
2178 1329 2307 1376 inter
2339 1327 2509 1394 hospi-

281 1426 356 1462 tes
416 1412 555 1467 (dum
587 1411 712 1457 alter
756 1411 808 1455 in
841 1409 1041 1456 alterius
1092 1409 1239 1456 domo
1284 1411 1380 1470 est)
1426 1414 1820 1461 communionem
1855 1413 2099 1461 honorum
2132 1430 2326 1470 eorum,
2378 1429 2507 1480 quae

284 1501 348 1549 ad
379 1500 527 1549 vitam
563 1498 900 1565 quotidianam
931 1497 1213 1555 necessaria
1246 1509 1359 1545 sunt
1369 1516 1386 1562 3
1434 1517 1532 1566 quo
1578 1501 1775 1549 adiecto
1809 1502 2130 1549 sufficientem
2174 1501 2279 1549 edit
2313 1496 2513 1548 causam

284 1586 649 1655 praecedentis,
705 1584 840 1650 quod
888 1600 979 1650 per
1022 1600 1075 1631 se
1119 1600 1238 1631 sane
1285 1586 1463 1632 mirum
1505 1599 1661 1646 esset,
1722 1607 1812 1636 cur
1860 1606 1952 1637 nec
2007 1590 2123 1636 data
2163 1605 2367 1636 munera
2422 1589 2515 1635 im-

284 1687 479 1743 putent,
512 1689 606 1721 nec
638 1672 855 1738 acceptis
891 1671 1183 1735 obligentur.
1252 1671 1337 1731 (cf.
1373 1679 1454 1726 31.
1482 1689 1615 1733 prout
1649 1682 1709 1722 ad
1739 1665 1949 1737 quemque!
1969 1679 2142 1733 venere',
2176 1683 2350 1723 aluntur
2360 1703 2375 1732 ‚-
2409 1694 2510 1735 pro-

286 1772 378 1821 digi
411 1769 559 1819 alieni,
591 1774 894 1820 contemptores
927 1759 1028 1816 sui.)
1047 1787 1128 1804 .—
1160 1761 1236 1808 Ne
1269 1760 1477 1810 molesta
1509 1762 1603 1810 tibi
1634 1763 1857 1812 videatur
1889 1764 2093 1811 omissio
2127 1763 2397 1830 particulae
2429 1779 2509 1809 ex-

286 1849 573 1918 plicativae,
609 1847 704 1898 vid.
739 1847 912 1896 Matth.
947 1844 1022 1894 ad.
1059 1846 1158 1895 Cic.
1194 1866 1267 1919 or.
1300 1865 1393 1914 pro
1427 1849 1531 1897 Mil.
1567 1849 1611 1912 §.
1644 1857 1723 1906 84.
1792 1851 1986 1917 „Saepe
2012 1850 2189 1899 Graeci
2222 1863 2271 1899 et
2303 1849 2513 1899 Romani

290 1935 558 2003 scriptores
592 1934 713 1983 duas
744 1933 1010 1984 sententias
1043 1933 1216 1982 eodem
1235 1944 1404 1983 tenore
1428 1935 1802 2001 progredientes
1822 1938 2113 1994 (coordinatus
2134 1936 2280 2002 vulgo
2307 1933 2511 1999 vocant)

288 2024 423 2092 juxta
456 2038 507 2071 se
539 2031 755 2088 ponunt,
799 2036 1007 2087 quorum
1041 2019 1194 2068 altera
1221 2030 1386 2069 tamen
1420 2021 1667 2070 secundae
1712 2022 1788 2072 vel
1834 2039 2031 2071 causam
2072 2022 2149 2071 vel
2193 2022 2516 2090 impedimen·

290 2123 395 2161 tum
429 2107 634 2175 aliquod
665 2106 839 2164 habet,
872 2106 950 2155 vel
979 2107 1246 2155 secundam
1277 2125 1335 2156 ex
1369 2123 1421 2156 se
1455 2108 1652 2158 efficit.“
1718 2109 1837 2176 Cap.
1875 2117 1956 2163 27.
1991 2116 2200 2158 Lamenta
2239 2128 2287 2158 ac
2322 2116 2518 2158 lacrimas

291 2207 400 2255 cito,
433 2204 616 2245 dolorem
650 2208 692 2243 et
729 2201 952 2242 tristitiam
987 2200 1109 2242 tarde
1138 2182 1329 2254 ponunss·
1353 2201 1533 2253 seminis
1564 2203 1703 2254 lugere
1739 2203 1958 2246 honestum
1993 2212 2081 2255 est,
2133 2206 2240 2245 viris
2275 2194 2520 2245 meminisse.

295 2288 413 2351 Cap.
453 2291 527 2337 ¹14.
564 2289 688 2331 Illum
739 2288 958 2340 defendere
988 2312 1054 2321 —
1084 2289 1352 2341 praecipuum
1397 2300 1705 2331 sacramentum
1746 2300 1832 2341 τεεί
1873 2293 2084 2345 principes
2115 2305 2194 2345 pro
2227 2294 2406 2333 victoria
2437 2306 2520 2344 pu-

289 2385 453 2431 gnant,
500 2377 670 2419 comites
701 2388 779 2430 pro
821 2376 1022 2429 principe.
1057 2370 1175 2434 Agr.
1209 2375 1291 2423 46.
1331 2375 1527 2433 Nosque,
1574 2378 1742 2419 domum
1776 2386 1895 2420 tuam
1929 2399 1996 2408 —
2030 2378 2227 2420 colamus.
2306 2379 2347 2419 Is
2394 2390 2519 2419 verus

297 2465 455 2516 honos,·
490 2474 542 2505 ea
574 2462 904 2504 coniunctissimi
935 2464 1130 2517 cuiusque
1160 2465 1313 2517 pietas.

490 2546 668 2608 Magna
699 2560 778 2590 me
812 2543 1017 2590 incessit
1049 2543 1335 2601 admiratio,
1386 2562 1537 2610 quum
1567 2546 1807 2603 viderem,
1854 2546 2083 2593 Hessium
2135 2546 2272 2600 (Var.
2307 2545 2441 2589 Lect.
2477 2555 2528 2590 et

299 2634 490 2683 observ·
527 2632 580 2679 in
612 2634 732 2679 Tac·
767 2648 918 2696 germ·
956 2631 1225 2681 Comment-
1259 2633 1294 2677 I·
1329 2648 1378 2697 p·
1398 2638 1520 2691 26),
1555 2633 1817 2689 Ricldefs„
1864 2633 2143 2680 Buelavium
2184 2631 2311 2677 viam
2343 2630 2528 2677 intelli-

300 2719 447 2784 gendi
477 2718 870 2783 emendandique
903 2718 1047 2766 huius
1088 2718 1191 2767 loci
1223 2718 1284 2765 iis
1324 2731 1647 2767 monstratam
1689 2739 1791 2768 non
1842 2736 1950 2767 esse
1990 2714 2305 2784 persecutos3
2363 2718 2530 2782 negle-

300 2817 474 2857 xenmt
507 2805 782 2854 examinare
817 2804 1202 2869 significationes
1230 2803 1489 2856 >verborum
1524 2813 1664 2855 victus
1702 2817 1751 2855 et
1784 2814 2020 2855 communis.

305 2961 422 3033 Cap.
454 2959 621 3026 XXIII.
697 2957 753 3012 Si
804 2959 1101 3011 indulseris
1153 2959 1430 3022 ebrietati,
1499 2962 1849 3032 suggerendo
1907 2971 2198 3030 quantum
2259 2963 2530 3030 concupi-

457 3058 648 3112 scunt,
699 3047 854 3099 haud
906 3050 1096 3098 minus
1135 3041 1311 3115 facile
1358 3049 1502 3098 vitiis
1539 3065 1720 3116 quam
1774 3051 1953 3099 armis
2010 3051 2323 3099 vincentur.

497 3160 714 3208 Pessime
749 3170 1093 3209 converterunt
1120 3158 1251 3206 hunc
1274 3157 1439 3206 locum
1459 3159 1642 3216 Anton,
1680 3159 1935 3225 Sprengel,
1956 3159 2263 3214 Woltmann,
2298 3156 2535 3214 Bischoffi

307 3248 491 3307 mein„-
525 3248 800 3304 Gutmann·³
847 3246 960 3309 alii3
1007 3264 1048 3295 e.
1085 3264 1127 3310 g.
1158 3244 1379 3296 Stromb.
1427 3243 1538 3306 nicht
1570 3246 1734 3296 minbet
1773 3246 1892 3309 tiicbt
1924 3244 2101 3297 mfitben
2136 3247 2191 3309 sie
2226 3246 2348 3308 hurd)
2386 3245 2541 3303 ssaster,

2068 3334 2134 3391 3*
