2843 3623
1375 153 1436 203 Π

1284 226 1340 233 ...η-

300 324 506 376 relatum
548 332 624 375 est
670 318 884 379 dativus,
936 318 1002 375 ad
1044 324 1177 366 alitur
1217 318 1472 368 ablativus.
1516 371 1519 373 ,
1571 321 1845 393 Admiratio
1897 326 1991 376 tibi
2042 330 2301 395 augebitur
2347 331 2528 397 legenti

303 410 406 460 Liv.
443 411 633 467 XXXV,
670 414 746 462 19.
781 413 852 455 odi
884 410 1060 466 odioque
1094 423 1183 452 sum
1217 413 1430 455 Romanis.
1465 406 1566 454 Cic.
1601 391 1694 476 Ep.
1731 410 1795 457 ad
1836 412 1948 462 Div.
1982 414 2111 472 XIII,
2145 422 2191 469 4.
2226 431 2274 464 ut
2307 431 2351 465 te
2386 424 2529 466 horter

299 510 343 545 et
375 502 586 545 suadeam.
1191 521 1193 523 ·
1665 558 1670 563 .

446 633 449 635 ,
497 586 574 631 De
607 553 848 631 vocabulo
895 598 1115 640 rursusque
1159 581 1316 629 adhuc
1357 598 1519 646 pauca
1562 594 1675 632 sunt
1717 586 2068 650 subiungenda.
2145 591 2309 639 Habet
2352 605 2527 640 nostro

300 672 416 720 loco
451 671 571 719 duas
605 670 796 735 priores
832 667 1240 732 significationum
1274 686 1455 726 earum,
1491 688 1611 735 quas
1639 672 1831 720 Meiner
1863 674 1912 721 in
1948 674 2075 722 libro
2109 675 2257 724 inser.
2292 678 2528 739 Hebetfi‘dyt

299 757 407 807 aflet
440 770 534 817 gum
562 755 651 814 jak.
687 751 973 817 ῧφζαῴίῖαδ.
1007 750 1154 816 gebtit.
1191 754 1415 812 §Dattifeln
1448 757 1643 806 Ernesti
1675 759 1876 808 nomine
1907 762 2198 826 proposuit3
2243 762 2448 814 denotat
2478 779 2527 814 et

297 843 609 892 iterationem
642 854 691 890 et
732 841 1071 890 reductionem
1103 842 1155 889 in
1195 842 1424 898 eandem,
1478 842 1530 890 in
1564 861 1661 909 qua
1695 846 1816 911 quid
1851 859 1996 895 antea
2037 848 2224 905 fuerat,
2278 851 2524 905 conditio.-

298 946 425 982 nem.
494 930 617 977 Plin.
651 932 741 996 Ep.
775 931 860 987 IV,
895 936 972 983 24.
1043 936 1201 977 Studiis
1229 938 1498 990 processimus
1512 958 1529 987 ,·
1563 939 1716 979 studiis
1742 942 1980 993 periclitati
2003 954 2144 982 sumus
2177 955 2402 998 rursusque
2419 958 2524 999 pro-

298 1024 503 1065 cessimus.
530 1017 672 1068 Ovid.
705 1018 899 1064 Metam.
933 1017 1035 1075 XII,
1074 1023 1149 1071 57.
1182 1037 1341 1066 sumere
1369 1025 1623 1079 quas-vellet
1647 1039 1868 1081 rursusque
1899 1042 2091 1083 reponere
2118 1040 2292 1072 sumtus.
2329 1028 2412 1083 VI,
2448 1033 2527 1079 46.

298 1110 541 1165 subitusque
575 1111 715 1151 invita
750 1110 929 1151 natavit
962 1122 1040 1151 ora
1073 1110 1199 1152 rubor
1229 1123 1452 1167 rursusque
1485 1113 1673 1154 evanuit.
1709 1106 1845 1173 Virg.
1882 1110 2005 1158 Aen.
2038 1111 2118 1170 III,
2152 1118 2262 1165 422.
2302 1118 2448 1160 Sorbet
2482 1122 2527 1160 in

301 1197 524 1252 abruptum
549 1196 729 1255 fluctus,
765 1209 990 1252 rursusque
1021 1196 1097 1239 sub
1131 1209 1259 1240 auras
1292 1200 1418 1251 erigit
1451 1199 1667 1240 alternos.

297 1345 420 1402 Eod.
469 1345 587 1412 Cap.
635 1348 784 1421 Ergo
825 1358 1069 1418 saeptae
1090 1349 1361 1418 pudicitia
1408 1359 1616 1420 agunt,
1675 1351 1855 1401 nullis
1894 1354 2355 1423 spectacular-arn
2396 1354 2517 1404 ille-

455 1442 652 1502 cebris,
714 1442 886 1490 nullis
926 1445 1317 1491 conviviorum
1356 1444 1763 1493 irritationibus
1806 1457 2135 1514 corruptae3
2197 1448 2523 1495 litterar-uin

443 1542 648 1584 secreta
687 1536 794 1583 viti
837 1536 1049 1603 pariter
1086 1550 1152 1583 ac
1178 1506 1440 1600 sentinae
1482 1536 1769 1603 ignorant.

493 1650 571 1697 Ad
602 1651 865 1699 lectionem
897 1666 1092 1710 saeptae,
1130 1668 1277 1715 quam
1308 1650 1453 1714 longe
1485 1651 1858 1716 praeferendam
1891 1649 2043 1711 duco,
2087 1653 2148 1701 cf.
2184 1654 2286 1700 Liv.
2321 1654 2411 1709 III,
2445 1660 2527 1705 44.

293 1753 522 1802 postquam
556 1746 737 1801 omnia
775 1745 997 1798 pudore*
1026 1752 1224 1796 saepta
1258 1745 1633 1785 animadverterat.

352 1814 356 1816 ,
488 1832 746 1873 Litterarum
781 1839 941 1872 secreta
975 1837 1050 1873 est
1083 1825 1302 1889 cognitio
1337 1825 1621 1883 litterarum,
1655 1843 1733 1873 ars
1765 1827 1961 1891 legendi
1996 1828 2343 1893 scribendique
2358 1844 2375 1888 3
2414 1843 2524 1874 sen-

300 1913 453 1960 tentia
486 1913 587 1960 loci
622 1926 711 1970 est,
741 1916 839 1960 'nec
874 1912 1184 1977 spectaculis,
1218 1930 1311 1959 nec
1345 1912 1596 1967 conviviiS,
1631 1929 1725 1960 nee
1759 1914 1898 1960 libris
1934 1927 2322 1978 corrumpuntur.
2380 1914 2525 1979 Quod

299 2000 522 2048 nonnulli
555 2012 910 2056 memorantur,
947 1999 1031 2064 qui
1065 1998 1261 2062 legendi
1294 2015 1353 2047 ac
1388 1984 1640 2047 scribendi
1672 2000 1835 2064 periti>
1854 2012 2017 2057 erant,
2054 2013 2108 2048 ut
2144 1999 2325 2065 singuli
2360 1999 2525 2056 duceS,

273 2067 284 2076 “
301 2087 598 2144 sacerdotes,
631 2086 684 2134 id
721 2086 882 2134 Taciti
904 2085 1238 2134 testimonium
1259 2102 1362 2133 non
1387 2085 1651 2149 redarguit.
1697 2086 1937 2141 Profecto,
1953 2103 2114 2152 neque
2137 2088 2374 2135 universa·
2393 2101 2526 2148 gens,

300 2183 461 2240 neque
483 2173 675 2223 nobiles
699 2174 899 2240 quidem
916 2174 1078 2237 Taciti
1098 2173 1400 2239 temporibus
1427 2185 1582 2220 artem
1604 2174 1900 2231 calluerunt,
1938 2175 2076 2222 cuius
2099 2175 2304 2222 Carolus
2327 2179 2530 2243 Magnus·

301 2263 636 2328 septingentos
671 2274 788 2328 post
822 2279 979 2310 annos
1021 2261 1228 2328 partim,
1274 2262 1394 2311 Otto
1428 2261 1862 2310 Wittelsbaeensis
1897 2262 2029 2310 mille
2064 2263 2205 2310 annis
2238 2277 2354 2329 post
2384 2283 2526 2331 pror-

300 2366 382 2398 sus
417 2350 671 2416 imperitus
706 2349 867 2398 adhuc
901 2362 1021 2398 erat.
1090 2349 1205 2402 Vid.
1232 2349 1416 2397 Luden.
1451 2351 1499 2406 I,
1535 2366 1584 2415 p.
1611 2357 1704 2402 550
1734 2361 1784 2398 et
1816 2361 1987 2398 notam
2016 2367 2064 2415 p.
2100 2358 2209 2407 740,
2247 2351 2329 2397 ubi
2361 2352 2527 2399 novis-

301 2436 425 2487 sima
456 2437 604 2484 verba
636 2449 771 2484 sunt:
807 2442 854 2485 ee
889 2436 1007 2498 beisxt
1040 2438 1214 2485 immett
1246 2439 1387 2485 mebet
1407 2433 1604 2486 manner
1637 2436 1740 2496 nod>
1768 2437 1941 2494 &tanen
1974 2437 2186 2497 versteben
2221 2450 2271 2496 311
2307 2437 2532 2496 fibteiben,

300 2524 386 2571 nub
423 2525 495 2571 bet
529 2521 700 2584 Ξῴῐαβ
727 2522 812 2582 ist:
844 2522 1042 2594 Κξοῑςῑίεῑγ
1069 2520 1233 2572 finum
1267 2523 1322 2584 sie
1355 2522 1458 2584 aud)
1492 2522 1604 2572 {eine
1638 2523 1916 2585 ssiebessbtiefe
1950 2521 2169 2584 sebteiben.
2234 2525 2373 2572 Hanc
2409 2530 2530 2572 con-

287 2605 573 2659 ⁴elusionem
604 2610 817 2658 libenter
850 2610 1060 2676 quisque
1093 2609 1350 2677 probabit.
1391 2640 1397 2646 -
1428 2614 1614 2661 Verum
1639 2610 1708 2658 -in
1741 2627 1801 2658 eo
1832 2610 2004 2658 Luden
2038 2627 2199 2658 errare
2222 2611 2351 2658 -mihi
2393 2611 2531 2661 vide-

301 2710 406 2756 tur,
461 2698 595 2764 quod
628 2699 689 2745 de
724 2698 843 2745 solis
878 2698 1102 2764 epistolis
1139 2699 1392 2745 amatoriis
1438 2695 1764 2762 (stiebessbtitfe)
1809 2698 2034 2744 Tacitum
2064 2699 2308 2761 cogitasse
2342 2711 2529 2747 censet.

301 2789 480 2834 Nonne
513 2785 769 2834 exstabant
802 2786 933 2851 apud
965 2789 1216 2835 Romanos
1251 2798 1300 2833 et
1339 2798 1530 2833 exstant
1573 2785 1703 2851 apud
1755 2802 1925 2832 omnes
1967 2785 2181 2850 populos
2217 2786 2438 2835 excultos
2483 2800 2533 2834 et

302 2874 486 2941 politos
522 2875 635 2921 libri
646 2903 672 2931 ‚-
697 2874 888 2938 singula
921 2875 1161 2931 carmina,
1199 2890 1335 2938 quae·
1359 2870 1717 2934 idemgefficere
1752 2872 1949 2927 volunt,
1997 2872 2132 2936 quod
2166 2874 2451 2938 spectacula
2480 2886 2532 2921 et

301 2962 549 3018 convivia,
606 2974 654 3010 et
689 2979 813 3027 quae
846 2979 947 3009 non
982 2963 1142 3010 minus
1177 2962 1325 3025 digna
1359 2973 1472 3009 sunt
1515 2960 1713 3008 nomine
1746 2959 2112 3017 illecebrarum,
2159 2961 2532 3009 irritationum?

304 3053 416 3114 Meo
451 3050 649 3114 quidem
684 3049 979 3098 sensu-haec
1005 3049 1242 3096 similiora
1276 3061 1389 3096 sunt
1411 3048 1805 3113 spectaculorum
1839 3047 2087 3096 illecebris
2118 3061 2167 3095 et
2195 3049 2535 3098 conviviorum

303 3137 685 3196 irritationibus,
739 3139 1002 3206 aptiusque
1032 3136 1114 3185 hic
1157 3136 1457 3202 cogitatione
1500 3153 1612 3185 cum
1654 3135 1715 3185 iis
1760 3136 2149 3201 coniunguntur,
2208 3154 2357 3203 quam
2404 3137 2538 3202 epis-

308 3227 443 3274 tolae>
471 3226 752 3274 amatoriae.
804 3221 808 3224 ’
2071 3227 2076 3230 “

2100 3317 2130 3366 3
