2843 3623
1337 154 1401 201 22

262 331 456 366 cturum
488 317 665 374 fuisse,
696 335 799 364 non
833 335 1055 377 omnem,
1089 319 1179 367 sed
1209 336 1273 368 ne
1306 320 1559 368 minimam
1592 320 1794 387 quidem
1834 323 2205 372 contentionem
2236 340 2267 372 a
2300 323 2503 371 Germa-

266 406 346 453 nis
408 403 678 452 adhibitam
732 422 867 464 esse,
922 418 977 455 ut
1008 408 1238 474 pomaria
1280 419 1545 456 conserant
1591 420 1714 466 etc„
1775 424 1833 456 ex
1872 409 1970 458 hoc
2002 421 2112 459 toto
2146 411 2262 460 loco
2297 422 2346 459 et
2376 408 2502 458 locis

265 491 572 541 Caesarianis
595 492 847 542 evidenter
870 505 1036 561 patet3
1069 513 1175 544 non
1207 494 1468 543 studebant
1509 495 1784 563 adaequare
1816 495 2037 546 laborem
2076 496 2289 546 ubertati
2323 508 2372 546 et
2405 513 2506 544 am-

260 579 495 646 plitudini
531 579 640 626 soli.
715 588 971 630 Contendere
1004 583 1157 649 igitur
1189 583 1270 629 hic
1303 582 1428 628 nihil
1462 583 1597 630 aliud
1629 595 1735 641 est,
1789 599 1938 649 quam
1969 564 2158 642 certare,
2190 601 2314 651 >qua
2357 584 2507 650 signi·

260 666 492 713 ficatione
527 683 641 713 cum
675 669 917 719 infinitivo
953 670 1177 718 construi
1210 686 1314 715 non
1347 682 1514 735 potest
1532 688 1548 733 3
1585 685 1720 719 recte
1753 672 1934 718 dicitur
1967 679 2113 732 aliqua
2145 690 2188 718 re
2221 686 2384 717 certare
2417 689 2508 717 cum

265 760 436 814 aliquo,
493 755 598 821 vel¹
628 774 721 803 cum
766 766 913 819 aliqua
938 777 1007 816 re,
1053 770 1288 821 tanquam
1317 774 1533 823 persona
1566 760 1798 825 cogitata.
1832 758 2028 807 Beklter
2059 771 2110 807 et
2142 758 2325 808 Walch
2367 763 2511 805 labore

263 852 589 889 rennuerunt.

600 994 624 1009 a,

267 1080 384 1146 Cap.
419 1081 635 1133 XXVIII.
663 1111 730 1121 —
774 1088 942 1154 quia,
983 1087 1113 1155 pari
1150 1086 1293 1137 olim
1330 1087 1527 1155 inopia
1563 1103 1630 1138 ac
1666 1088 1947 1151 libertate,
1988 1086 2186 1138 eadem
2223 1087 2512 1154 utriusque

421 1184 580 1251 ripae
623 1183 772 1235 bona
815 1184 1088 1254 malaque
1130 1193 1311 1237 erant.

462 1368 543 1415 Ad
590 1376 809 1430 utriusque
855 1376 973 1429 ripae
1016 1368 1312 1435 interpretes
1348 1368 1513 1417 solent
1535 1385 1787 1436 apponere
1820 1373 2023 1416 Danubii.
2062 1368 2130 1416 At
2160 1366 2291 1415 unde
2326 1366 2512 1426 sciunt,

238 1455 551 1503 ·Danubium
580 1456 734 1505 fuisse
767 1457 922 1505 finem
952 1457 1083 1504 inter
1119 1457 1248 1504 Osos
1283 1468 1333 1503 et
1365 1456 1668 1506 Araviscos?
1735 1458 1830 1505 Hic
1865 1469 1915 1505 et
1947 1457 2057 1504 aliis
2099 1455 2234 1504 locis
2259 1455 2514 1512 Tacitinis,

267 1543 355 1589 ubi
393 1552 489 1601 ripa
519 1543 729 1606 legitur,
762 1544 894 1591 haud
927 1543 1248 1591 mediocriter
1280 1543 1600 1601 laborarunt,
1633 1545 1760 1609 quid
1793 1556 2062 1592 statuerent
2073 1562 2091 1606 3
2128 1543 2354 1608 inprimis
2388 1541 2517 1589 infra

272 1647 380 1695 cap,
424 1637 504 1683 37.
554 1638 793 1691 veterisque
829 1638 984 1689 famae
1034 1638 1127 1678 lata
1165 1638 1353 1686 vestigia
1395 1645 1568 1678 manent
1601 1646 1781 1692 utraque
1815 1639 1911 1691 ripa
1955 1646 2098 1678 castra
2132 1650 2181 1678 ac
2213 1638 2384 1690 spatia,
2430 1628 2516 1677 ubi

272 1718 326 1765 in
359 1718 526 1766 Hessii
571 1717 686 1766 edit.
734 1718 1024 1767 adnotatum
1069 1730 1170 1765 est:
1229 1718 1374 1775 „Hoc
1421 1717 1507 1765 alii
1542 1717 1602 1765 de
1634 1718 1791 1783 Aquis
1827 1718 2007 1767 Sextiis
2041 1713 2104 1765 in*
2128 1717 2291 1766 Gallia
2323 1715 2515 1765 Narbo-

270 1805 431 1862 nensi,
466 1805 552 1851 alii
586 1804 648 1850 de
676 1805 984 1853 Chersoneso
1021 1804 1473 1869 Cymbrica—alii
1509 1805 1570 1851 de
1593 1805 1866 1862 Rhodano,
1892 1804 1975 1852 alii
2010 1805 2070 1852 de
2098 1804 2328 1852 Danubio
2363 1804 2515 1850 inter-

269 1904 556 1958 pretantur,
589 1909 682 1940 nos
719 1892 779 1940 de
805 1894 981 1941 Rheno
1011 1892 1344 1955 intelligimus.
1415 1894 1600 1940 Noster
1620 1893 1752 1940 enim
1778 1901 1916 1953 ripam
1952 1890 2054 1936 κατ’
2078 1884 2228 1952 ἐξοχῆν
2257 1891 2319 1939 de
2340 1890 2516 1939 Rheno

268 1980 467 2046 ponit.“
544 1979 690 2045 Quod
734 1981 982 2045 posterius
1029 1979 1228 2046 plurimi
1273 1992 1327 2028 ut
1370 1996 1538 2027 verum
1581 1980 1792 2046 amplexi
1833 1992 1962 2029 sunt.
2033 1978 2215 2028 Confer
2255 1979 2322 2027 sis
2368 1978 2518 2026 etiam

271 2066 413 2115 locos
463 2085 503 2115 c.
542 2075 617 2120 17.
658 2079 707 2116 et
741 2075 820 2121 23.
864 2076 1050 2128 proximi
1084 2076 1215 2126 ripae.
1268 2075 1347 2121 29.
1408 2075 1454 2113 in
1486 2086 1566 2114 sua
1608 2076 1706 2128 ripa
1747 2075 1827 2122 41.
1876 2087 1959 2115 non
1994 2075 2038 2114 in
2073 2076 2170 2127 ripa
2217 2074 2515 2115 commercium.

273 2157 392 2219 Agr.
439 2162 518 2209 28.
562 2162 606 2202 in
651 2170 841 2202 nostram
886 2173 1014 2215 usque
1059 2162 1230 2214 ripam,
1276 2154 1362 2202 ubi
1394 2154 1578 2204 WValch
1624 2169 1775 2202 nostra
1819 2163 1914 2215 ripa
1949 2154 2204 2212 (observes
2242 2154 2519 2214 numerum)

268 2242 398 2290 dicit
456 2258 568 2290 esse
626 2243 710 2291 bas
767 2241 875 2290 [infe
922 2242 1101 2290 assuat:
1157 2243 1243 2289 unb
1277 2241 1484 2302 θίῡείηε
1530 2243 1616 2289 unb
1665 2243 1747 2290 bag
1801 2241 1932 2301 reebte
1977 2241 2258 2303 zonauufet.
2334 2247 2414 2293 41.
2449 2257 2520 2287 nec

274 2339 361 2377 iam
386 2337 434 2378 de
470 2337 604 2377 limite
640 2338 807 2389 imperii
841 2344 883 2377 et
917 2338 1015 2389 ripa
1036 2359 1102 2367 —-
1135 2328 1406 2384 dubitatum,
1451 2328 1536 2375 ubi
1571 2329 1777 2398 Walch:
1814 2329 1923 2394 ripa
1957 2328 2028 2376 αῐό
2062 2327 2219 2389 ted7te⁸3
2254 2327 2520 2389 Qonauufet

273 2415 368 2479 ldsst
402 2416 479 2479 fid>
523 2419 582 2465 im
627 2419 805 2465 meitetn
851 2417 1002 2464 &inne
1040 2417 1198 2478 suffen,
1254 2416 1324 2462 bis
1371 2428 1421 2473 311
1466 2417 1544 2462 ben
1586 2416 1777 2464 Quaben
1827 2417 1914 2462 nub
1951 2416 2301 2464 ffltatfomannen
2348 2415 2520 2476 binauf.

274 2506 405 2570 Ripa
427 2497 597 2552 deitra
622 2504 840 2551 Danubii
863 2521 965 2551 non
989 2503 1148 2551 solum
1173 2515 1307 2550 trans
1336 2502 1618 2550 Danubium
1641 2515 1689 2549 et
1722 2503 1854 2550 ultra
1888 2503 2140 2551 sinistram
2172 2505 2330 2569 ripam
2364 2515 2524 2550 trans-

275 2591 506 2649 ferenda,
561 2591 650 2639 sed
686 2571 833 2639 etiam
867 2603 1064 2639 centum
1097 2590 1329 2637 milliaria
1361 2590 1565 2638 ulterius
1591 2589 1669 2637 22²!
1737 2591 1864 2638 Hist.
1900 2592 1974 2652 ΙΙ,
2011 2598 2090 2643 57.
2121 2607 2226 2636 cura
2258 2598 2374 2649 ripae
2409 2596 2525 2636 Hor-

279 2685 428 2727 deonio
453 2686 614 2727 flacco
641 2686 867 2739 permissa.
936 2680 1067 2728 Num
1101 2694 1159 2726 ex
1194 2677 1272 2726 his
1320 2676 1447 2726 locis
1483 2676 1759 2726 accuratius
1792 2677 2066 2744 perspectis
2110 2688 2160 2726 et
2194 2676 2389 2726 collatis
2421 2692 2526 2725 non

275 2766 425 2832 plane
460 2778 673 2824 constat,
729 2775 826 2826 ripa
868 2766 993 2814 nihil
1038 2766 1174 2814 aliud
1219 2781 1327 2813 esse
1383 2782 1529 2829 quam
1571 2764 1742 2823 finem,
1800 2776 1851 2814 et
1884 2764 2082 2830 quidem
2113 2782 2215 2814 non
2251 2764 2411 2814 solum
2439 2763 2524 2812 ubi

275 2854 461 2902 flumen
503 2853 647 2900 finem
691 2852 882 2902 efficit?
938 2853 1082 2919 Quod
1116 2855 1236 2900 Tac.
1273 2851 1434 2900 verbis
1485 2859 1537 2899 de
1581 2859 1714 2900 limite
1747 2860 1914 2913 imperii
1944 2866 1987 2901 et
2029 2860 2126 2913 ripa
2160 2851 2523 2917 quodammodo

278 2941 386 3007 ipse
429 2940 689 2998 indicavit,
736 2959 887 3006 quum
919 2949 1036 2990 limes
1069 2956 1111 2990 ec
1161 2947 1258 3002 ripa
1300 2939 1564 2990 manifesto
1606 2940 1688 2989 hic
1723 2958 2000 3007 synonyma
2033 2941 2147 2990 sint.
2214 2941 2276 2989 Et
2309 2951 2362 2989 ut
2386 2947 2522 3000 sines,

282 3030 356 3078 sic
393 3037 489 3088 ripa
521 3047 625 3077 non
660 3027 822 3077 solum
856 3041 931 3076 est
954 3026 1136 3088 (ὃτεηὸε,
1173 3028 1262 3076 sed
1287 3028 1435 3076 etiam
1467 3026 1640 3087 &ebion
1676 3029 1810 3078 ἓαῐιδ.
1876 3031 2064 3078 Nostro
2096 3028 2209 3077 loco
2234 3040 2281 3077 et
2309 3046 2415 3095 cap.
2445 3034 2524 3083 37.

282 3132 464 3178 ucraque
518 3125 614 3176 ripa
673 3113 920 3164 sententia
979 3125 1055 3161 cst
1114 3116 1207 3176 bie&
1239 3136 1255 3154 κ
1308 3116 1395 3164 unb
1445 3115 1615 3175 §enseitss
1663 3117 1735 3162 bct·
1781 3114 1975 3175 Θτεηόε,
2027 3114 2071 3163 in
2115 3115 2273 3174 benben
2318 3113 2524 3164 ssdnbetn.

281 3182 395 3252 Jam
430 3203 592 3251 ubivis
625 3215 769 3268 potes
805 3199 1104 3265 investigare
1140 3212 1189 3248 et
1222 3202 1439 3266 reperire
1474 3201 1705 3266 vestigia,
1744 3212 1905 3248 castra
1938 3219 1995 3250 ac
2027 3203 2198 3268 spatia.
