2843 3623
1334 171 1398 220 24

250 336 540 390 humanitati
588 356 730 388 usum
770 339 914 388 huius
961 340 1194 390 editionis
1239 341 1423 399 debeo,
1460 342 1512 390 in
1541 358 1639 407 qua
1674 342 1782 408 ipse
1826 341 2069 392 variantes
2090 331 2092 334 ⁵
2115 343 2203 390 has
2247 340 2486 390 lectiones

251 429 567 481 Victorianas
621 428 900 493 descripsit.
950 427 1025 477 Cf.
1060 428 1237 478 Annal.
1284 431 1393 486 XII,
1449 437 1523 482 Μ.
1570 437 1637 477 sui
1678 436 1907 478 detractor.
1943 427 2045 476 Cic.
2081 427 2339 494 Univ943.
2387 433 2488 474 Imi-

256 530 398 565 tantes
440 524 672 573 genitorem
717 529 758 564 et
810 518 1047 572 effectorem
1094 524 1172 565 sui.
1222 515 1322 566 Cic.
1369 514 1473 564 Fin.
1520 517 1593 574 V,
1646 521 1691 572 9.
1739 545 1804 557 -—
1850 528 2051 564 naturam
2086 518 2488 562 esse-conservatri-

252 621 337 651 cem
380 621 461 652 suz.

251 735 369 800 Cap·
405 736 598 784 XXXV·
660 736 934 806 Prompta
999 748 1191 789 tamen
1258 738 1525 790 omnibus
1589 756 1800 798 arma3
1872 755 1966 802 ac,
2029 738 2076 789 si
2127 752 2211 787 res
2265 741 2486 803 poscat,

405 836 709 898 exercitus,
751 835 1081 903 plurimum
1124 838 1385 888 virorum
1428 852 1832 907 equorumque.

448 952 677 1000 Editor-es
730 951 1033 1000 recentiores
1079 966 1250 1002 omnes
1286 954 1521 1003 Walchio
1558 954 1990 1021 obtemperarunt,
2042 952 2126 1018 qui
2168 951 2220 998 in
2251 945 2489 997 Emendd.

250 1042 354 1090 Liv.
402 1056 450 1103 p-
509 1044 612 1090 424.
660 1036 899 1101 virgulam
953 1051 1065 1087 ante
1113 1048 1319 1087 evercicas
1365 1039 1473 1088 tolli
1517 1039 1670 1106 jubet,
1722 1039 1982 1105 additque:
2036 1037 2198 1097 „haud
2247 1049 2324 1082 me
2369 1032 2493 1096 fugit

250 1125 476 1176 absolute
510 1123 675 1189 posita
709 1123 920 1172 formula
966 1145 1028 1173 res
1054 1134 1196 1186 poscit
1231 1127 1363 1191 apud
1399 1127 1753 1193 Quintilianum
1798 1138 1847 1175 et
1881 1125 2136 1192 aequales,
2172 1122 2259 1171 sed
2292 1137 2394 1168 non
2425 1120 2494 1166 ita

253 1222 541 1260 constanter
577 1209 683 1257 scio
718 1223 906 1258 veteres
938 1212 1026 1269 uti,
1063 1225 1116 1260 ut
1149 1232 1252 1261 non
1288 1213 1351 1261 sit
1386 1213 1580 1262 adiecto
1617 1214 1752 1262 casui
1783 1214 1970 1262 locus.“
2036 1213 2101 1261 At
2133 1227 2224 1275 ego
2254 1206 2493 1273 equidem,

249 1297 347 1348 nisi
390 1295 623 1363 exemplis
672 1295 793 1343 mihi
837 1297 1100 1365 probetur,
1160 1316 1263 1347 non
1305 1299 1480 1358 credo,
1532 1302 1785 1348 Romanos
1829 1315 2046 1366 unquam
2091 1298 2143 1343 in-
2173 1297 2267 1342 hac
2299 1291 2495 1339 dicendi

244 1386 461 1435 formula
496 1384 744 1431 obiectum
779 1387 1068 1450 apposuisse
1080 1403 1097 1447 3
1134 1403 1237 1432 non
1272 1387 1433 1432 solum
1468 1388 1673 1454 Quintil.
1706 1400 1755 1434 et
1785 1387 2028 1452 aequales,
2066 1385 2156 1431 sed
2183 1385 2331 1429 etiam
2364 1380 2489 1426 anti-

249 1476 451 1540 quiores
499 1471 728 1517 absolute
776 1488 835 1517 ea
867 1474 945 1518 usi
981 1485 1121 1532 sunt3
1163 1474 1280 1518 Sall.
1318 1476 1430 1538 Jug.
1466 1482 1554 1531 35,
1591 1482 1636 1525 5.
1705 1482 1872 1520 ubssres
1900 1479 2164 1533 postulabat.
2200 1479 2287 1525 70,
2332 1477 2397 1514 uei
2430 1486 2493 1513 res

243 1575 447 1623 posceret.
485 1565 564 1611 85·
600 1566 637 1603 si
671 1577 735 1604 res
767 1565 972 1617 postulat.
1010 1561 1156 1608 Corn.
1181 1563 1305 1626 Nep.
1335 1562 1494 1610 Alcib.
1539 1570 1579 1614 1.
1614 1582 1739 1623 quum
1775 1576 1936 1620 tempus
1968 1572 2172 1620 posceret.
2210 1559 2328 1605 Tac.
2362 1554 2491 1601 Hist-

250 1653 318 1706 II,
358 1657 401 1700 5.
446 1655 482 1694 si
515 1665 578 1693 res
610 1661 829 1704 posceret,-
888 1658 938 1694 et
980 1646 1075 1695 hoc
1120 1648 1229 1713 ipso
1266 1649 1436 1699 libello
1469 1663 1666 1716 praeter
1709 1661 1931 1699 nostrum
1963 1648 2128 1696 locum
2160 1645 2337 1710 legitur
2370 1659 2409 1690 c.
2447 1649 2492 1695 6.

243 1751 378 1797 prout
401 1743 514 1781 ratio
543 1741 697 1791 poscit.
721 1740 796 1785 44.
818 1748 867 1779 ut
885 1753 949 1780 res
970 1743 1121 1792 poscit.
1157 1738 1212 1782 In
1245 1737 1483 1784 observat.
1513 1738 1562 1784 in
1587 1739 1703 1800 Agr.
1739 1755 1789 1801 p.
1810 1747 1869 1785 20
1893 1735 2013 1784 dixi:
2049 1732 2320 1798 „Equidem
2354 1729 2493 1779 valde

249 1823 423 1872 dubito
460 1839 534 1868 an.
572 1838 782 1884 usquam
818 1820 1085 1887 scriptores
1122 1823 1332 1871 Romani
1381 1823 1575 1888 agmina
1608 1822 1928 1873 barbarorum
1964 1828 2189 1871 evercitum
2225 1816 2495 1870 vocarint-‘⁴

250 1911 462 1960 Steuber
497 1912 552 1958 V.
591 1909 653 1955 D.
701 1908 751 1954 in
786 1909 951 1956 Jahnii
982 1910 1186 1975 Ephem.
1220 1910 1365 1959 litter.
1437 1908 1711 1973 Satyrbfidper
1742 1907 1813 1973 fiir
1840 1909 2096 1972 §philologie
2124 1908 2210 1957 unb
2235 1902 2494 1967 &anagogis

253 2017 366 2046 ann.
419 2002 555 2048 1828.
625 1996 755 2042 hanc
802 1997 1093 2043 sententiam
1138 2016 1430 2063 oppugnans
1477 2001 1540 2047 ad
1573 2012 1795 2047 nostrum
1839 1998 2004 2046 locum
2036 2014 2114 2044 me
2149 1995 2364 2058 delegat,
2411 1992 2495 2058 qui

248 2105 343 2152 pro
377 2102 454 2131 me
488 2083 652 2148 potius
689 2083 923 2147 loquitur,
958 2103 1104 2149 quam
1140 2092 1313 2133 contra
1344 2104 1434 2134 me.
1504 2080 1665 2136 Taciti
1701 2086 1944 2135 sententia
1977 2096 2079 2133 est:
2117 2083 2160 2131 si
2191 2100 2268 2130 res
2303 2080 2492 2146 poscit,

249 2190 353 2220 non
413 2170 573 2218 solum
619 2170 819 2234 copiae,
873 2172 1093 2234 agmina,
1151 2172 1415 2220 multitudo
1458 2173 1710 2221 hominum
1754 2184 2092 2234 armatorum,
2134 2170 2219 2234 qui
2255 2168 2359 2216 sine
2392 2167 2493 2214 ullo

254 2258 430 2307 ordine
476 2257 571 2304 iter
615 2257 828 2321 faciunt,
881 2270 1102 2322 pugnant
1145 2271 1236 2307 etc.
1249 2294 1263 2315 ,
1306 2270 1360 2306 ut
1402 2259 1604 2325 reliquis
1641 2261 1996 2308 Germanorum
2029 2255 2336 2311 nationibus,
2384 2253 2494 2311 sed,

248 2359 302 2394 ut
341 2344 549 2400 Chatti-s,
587 2350 817 2399 exercitas,
857 2344 991 2408 quod
1012 2362 1207 2402 nomen,
1231 2345 1292 2393 ab
1313 2353 1539 2393 exercendo
1561 2346 1854 2403 derivatum,
1891 2348 2009 2393 Tac.
2044 2345 2152 2410 ipse
2179 2343 2496 2408 quodammo-

252 2434 317 2482 do
341 2430 744 2483 describitc.30:
779 2438 994 2487 „multam
1017 2446 1076 2479 at
1111 2440 1126 2478 i
1138 2446 1264 2479 nter
1300 2435 1620 2492 Germanos,
1656 2442 1835 2480 rationis
1881 2451 1929 2479 ac
1973 2433 2210 2480 sollertiae:
2241 2446 2496 2490 praeponere

252 2529 421 2576 electos,
491 2526 638 2565 audire
687 2527 968 2577 praepositos,
1015 2539 1174 2567 nosse
1218 2527 1464 2578 ordines,
1505 2550 1568 2560 -—
1594 2551 1658 2560 —
1699 2528 1888 2581 quodque
1940 2528 2224 2575 rarissimam,
2277 2537 2349 2565 nec
2413 2525 2497 2564 ni5i

258 2617 473 2656 Romanae
500 2608 547 2664 ²¹²)
582 2614 829 2666 discipli-nae
863 2626 1109 2667 concessum,
1145 2615 1240 2668 plus
1276 2627 1472 2669 reponere
1506 2617 1548 2655 in
1585 2614 1685 2656 duce
1720 2627 1846 2670 quam
1881 2616 1924 2655 in
1959 2615 2160 2656 exercita.
2230 2608 2293 2653 Et
2319 2605 2498 2654 Caesar

309 2818 355 2870 ξιξ)
386 2816 641 2867 Romanae,
689 2820 805 2874 quod
846 2833 958 2860 nunc
1000 2819 1126 2860 etiam
1170 2820 1297 2860 Hess.
1346 2820 1389 2860 in
1431 2820 1665 2860 Comment.
1703 2820 1720 2858 1
1759 2827 1878 2860 recte
1917 2817 2202 2873 praestantius
2243 2814 2361 2856 ducit
2401 2827 2494 2856 cum

370 2888 563 2936 Orellio‚
605 2904 726 2943 quam
758 2891 989 2932 lectionem
1031 2892 1238 2945 vulgatam
1276 2890 1472 2940 ναίίοηθ,
1514 2904 1595 2930 una
1627 2902 1726 2931 vera
1758 2898 1822 2930 est
1849 2890 2001 2942 lecti03
2047 2904 2133 2930 non
2164 2885 2499 2930 convertendum

367 2961 454 3003 bet
485 2959 561 3000 sed
593 2960 739 3004 einer
771 2957 1011 3014 ffissmisaeen
1043 2961 1285 3015 Dissciplin,
1328 2962 1355 3002 i.
1389 2976 1426 3002 e.
1457 2961 1538 3000 nisi
1567 2961 1645 3010 iis,
1690 2961 1762 3017 qui
1792 2961 1939 3002 eadem
1979 2962 2047 3004 vel
2096 2959 2248 3008 simili,
2303 2973 2382 3015 qua
2411 2959 2498 2998 Ro-

366 3032 499 3080 mani,
539 3031 766 3085 disciplina
806 3043 992 3074 utuntur.
1037 3035 1092 3075 cf.
1126 3037 1226 3075 Tac.
1271 3035 1381 3074 Ann.
1422 3034 1480 3082 ΙΙ),
1522 3036 1589 3075 45.
1632 3031 1907 3088 Dirigunlur·
1945 3032 2084 3084 acies,
2142 3030 2244 3087 pari
2279 3029 2497 3084 utrimque

369 3117 444 3158 spe
486 3117 578 3150 nee,
618 3111 665 3142 ut
710 3102 813 3142 olim
852 3105 972 3159 apud
1017 3105 1280 3155 Germanos,
1336 3105 1460 3157 vagis
1502 3103 1744 3144 incursibus
1781 3111 1860 3144 aut
1898 3103 2098 3143 disiectas
2140 3118 2220 3158 per
2270 3109 2495 3143 catervas.-

365 3173 569 3229 qaippe
626 3174 802 3231 longa
863 3176 1146 3216 adversum
1211 3192 1310 3217 nos
1369 3175 1588 3215 militia
1653 3175 2025 3216 insueverant
2084 3177 2238 3231 sequi
2303 3174 2496 3228 signa,

369 3250 937 3308 subsidiisfirmari‚
977 3255 1132 3296 dicta
1172 3255 1585 3311 imperatorum
1626 3252 1900 3308 accipere.
