2843 3623
1320 168 1387 216 26

221 339 342 405 Cap.
377 334 625 406 XXXVII.
699 335 848 405 Quid
890 336 1049 385 enim
1085 334 1245 386 aliud
1282 335 1457 398 nobiS,
1504 351 1688 405 quam
1724 336 1960 388 caedem
1999 337 2213 402 Crassi,
2257 338 2466 391 amisso

373 434 433 476 et
477 427 630 494 ipse
671 422 913 486 Pacor0,
957 416 1114 491 infra
1160 422 1495 475 Ventidium
1532 423 1773 475 deiectus
1814 425 2000 476 oriens
2041 421 2338 478 obiecerit?

418 566 560 627 Hanc
593 563 886 612 Lectionem
919 563 1119 615 exhibet
1152 564 1264 613 cod.
1300 565 1511 622 Humm.,
1549 565 1685 630 quod
1719 583 1750 614 a
1780 565 1977 614 nemine
2011 565 2302 614 adnotatum
2330 566 2472 614 valde

217 642 372 690 miror
381 658 397 704 3
436 656 597 706 neque
633 639 756 706 quid
789 640 842 687 in
876 639 987 688 aliis
1022 640 1184 696 codd.,
1221 641 1306 707 qui
1342 641 1501 689 adhuc
1536 653 1744 701 exstant,
1779 641 1981 708 legatur,
2017 641 2070 689 in
2103 640 2350 689 editorum
2379 659 2471 689 no-

218 721 286 766 tis
323 718 546 772 invenio,
582 729 782 781 praeter
814 720 960 774 Tun,
1014 719 1130 782 qui,
1165 729 1294 765 teste
1330 718 1543 774 Orellio‚
1593 718 1745 766 habet
1779 727 1822 764 in
1856 728 1971 778 ipsc,
2007 718 2142 783 quod
2180 728 2475 781 receperunt

214 797 363 850 Ern.,
401 792 599 849 Oberl.‚
639 791 892 849 Seebode,
945 795 1174 850 Passow,
1220 794 1498 850 Guenther,
1553 795 1786 843 Teubert.
1864 796 1922 843 In
1956 793 2068 843 edd.
2103 805 2220 842 vett.
2256 790 2464 848 Puteol.,

219 870 383 937 Spin,
430 867 610 927 Rath„
657 866 910 926 Norimb.,
957 870 1182 927 Monac.,
1236 870 1375 918 Rom.
1391 903 1407 928 ,
1452 871 1561 917 Par.
1609 859 2012 936 διττογραιφούμενον
2063 868 2243 935 legitur
2289 881 2331 916 et
2376 873 2467 928 ipso

216 966 260 995 es
294 955 397 1007 ipse.
434 946 656 991 Rhen'an.
690 944 828 1009 prius
863 944 1060 1003 delevit,
1098 963 1246 1011 quem
1280 946 1438 994 secuti
1471 959 1585 995 sunt
1618 947 1901 1004 Althamm.,
1941 947 2191 1011 Conring.‚
2228 945 2466 1001 Gronov.,

215 1022 438 1076 Brotier‚
472 1020 791 1077 Lallemand,
827 1020 1053 1078 Bredow,
1090 1021 1300 1078 Bekker,
1334 1022 1531 1079 walch,
1568 1022 1669 1070 alii.
1704 1025 1803 1071 Pro
1839 1034 1974 1072 certo
2007 1021 2304 1077 habendum,
2340 1022 2465 1068 Tac.

217 1113 263 1146 ec
289 1106 376 1156 ipse
415 1096 709 1161 scripsisse,
773 1096 859 1162 qui
894 1098 1226 1146 nominativus
1271 1099 1399 1146 inter
1445 1098 1572 1147 duos
1615 1098 1859 1147 ablativos
1905 1100 2126 1165 positus,
2186 1097 2286 1145 sive
2338 1095 2467 1143 inter

213 1174 375 1226 verba,
413 1188 539 1236 quae
574 1171 627 1218 in
662 1173 1035 1220 constructione
1070 1172 1270 1221 ablativi
1303 1174 1518 1221 absoluti
1551 1175 1718 1239 posita
1753 1174 2134 1239 conniungenda
2154 1185 2280 1228 sunt,
2315 1171 2464 1219 libra-

213 1251 317 1298 rios
361 1260 410 1296 et
453 1246 638 1294 multos
682 1248 901 1296 editores
957 1248 1185 1304 offendit,
1230 1266 1391 1314 neque
1431 1250 1683 1307 viderunt,
1731 1267 2011 1316 pronomen
2056 1258 2142 1310 ipse
2173 1249 2345 1314 utique
2401 1245 2465 1294 ad

213 1325 493 1391 subjectum
545 1332 686 1372 oriens
728 1324 1040 1372 referendum
1090 1342 1213 1373 esse.
1295 1325 1553 1374 Sententia
1603 1326 1703 1375 loci
1747 1339 1854 1376 est:
1925 1327 2103 1376 Oriens
2147 1325 2272 1373 nihil
2320 1323 2466 1371 nobis

214 1403 436 1452 obiicere
470 1412 663 1467 potest,
712 1418 859 1468 quam
895 1401 1060 1449 Crassi
1107 1403 1333 1459 caedem,
1380 1403 1467 1450 sed
1510 1420 1672 1470 neque
1718 1420 1827 1451 eam
1871 1404 1979 1452 sine
2024 1402 2232 1470 propria
2279 1401 2470 1449 iactura

211 1479 360 1526 nobis
380 1478 560 1535 attulit,
585 1494 737 1542 quum
756 1494 858 1524 non
891 1495 984 1525 nos
1010 1478 1104 1525 soli
1139 1479 1315 1525 ducem
1337 1480 1658 1537 amiserimus,
1694 1480 1783 1526 sed
1804 1492 1854 1527 et
1888 1482 1996 1546 ipse
2016 1482 2258 1526 Pacorum
2292 1478 2467 1524 ducem

215 1556 452 1604 amiserit.
541 1554 735 1601 Mireris
769 1556 964 1602 Ernest.
1015 1555 1287 1602 dicentem:
1339 1557 1466 1612 „Ms.
1507 1559 1624 1604 Tur.
1663 1557 1862 1622 quidem
1912 1557 2063 1604 habet
2096 1563 2250 1602 amisso
2293 1569 2335 1603 et
2378 1563 2467 1614 ipso

217 1640 407 1685 Pacoro,
467 1630 604 1696 quod
645 1631 959 1679 coniecturae
1004 1632 1231 1679 Rhenani
1286 1632 1496 1697 praetuli
1508 1651 1523 1693 3
1596 1651 1703 1682 non
1750 1651 1850 1699 quo
1899 1641 1987 1694 ipse
2031 1649 2109 1679 me
2162 1629 2462 1687 offenderet,

216 1708 353 1774 quod
388 1706 660 1771 elegantius
696 1717 843 1772 puto,
896 1707 985 1753 sed
1020 1707 1156 1772 quod
1189 1720 1230 1753 et
1263 1707 1315 1753 in
1358 1707 1442 1754 illa
1475 1707 1691 1755 lectione
1726 1710 1873 1756 nimis
1908 1709 2079 1774 friget,
2127 1724 2230 1754 non
2277 1707 2327 1753 in
2373 1723 2464 1754 no-

212 1788 370 1831 stra.“
440 1783 554 1829 Sive
590 1792 682 1840 ipso
718 1784 818 1830 sive
851 1791 936 1841 ipse
969 1783 1118 1846 legis,
1160 1799 1202 1829 et
1241 1784 1372 1830 idem
1408 1785 1674 1847 significat,
1715 1803 1786 1833 sc.
1823 1793 1970 1832 etiam.
2056 1784 2260 1831 Tacitus
2295 1783 2461 1829 notio-

209 1879 324 1908 nem
360 1858 644 1915 amittendi,
698 1870 753 1905 ut
788 1864 1002 1922 sequens
1038 1846 1157 1913 iitfra
1198 1866 1436 1905 Ventidium
1472 1867 1676 1917 deiectus,
1721 1861 1988 1926 participio
2030 1858 2156 1926 pers.
2204 1873 2461 1923 expressu-

209 1955 315 1990 rus,
351 1953 501 2002 quum
535 1934 704 1999 lingua
738 1933 894 1981 latina
927 1935 1193 2002 participio
1227 1936 1352 2001 perf.
1397 1947 1489 1983 act.
1537 1947 1728 1994 careat,
1773 1936 1973 2003 passiva
2007 1932 2380 1984 constructione
2414 1944 2464 1981 et

212 2013 429 2060 ablativo
465 2011 696 2058 absoluto
733 2012 804 2057 uti
838 2024 944 2058 erat
979 2024 1199 2059 coactus.
1281 2012 1506 2073 (Bamsh.
1559 2014 1638 2060 ed.
1684 2015 1743 2059 ΙΙ.
1790 2031 1899 2078 pag.
1946 2020 2056 2065 658.
2125 2011 2339 2058 Mathiae
2391 2028 2460 2074 gr.

213 2089 256 2149 ᾗ.
307 2084 445 2150 560.)
525 2093 581 2133 Et
625 2095 711 2146 ipse
758 2094 964 2134 Pacorum
1018 2097 1187 2144 amisit,
1236 2102 1277 2135 et
1321 2096 1406 2147 ipse
1443 2096 1650 2135 Pacorum
1696 2082 2005 2144 ἀπολωλεκώς,
2061 2101 2105 2134 et
2157 2094 2244 2146 ipse
2296 2092 2458 2132 Pacoro

212 2172 394 2220 omisw,
442 2173 491 2210 et
527 2181 677 2228 quum
712 2171 865 2209 amisso
900 2163 1099 2227 gravior
1133 2174 1265 2211 esset
1308 2164 1664 2212 enuntiationis
1710 2182 1826 2221 vox,
1879 2171 2033 2210 amisso
2078 2175 2121 2209 et
2161 2169 2249 2222 ipse
2285 2167 2458 2208 Pacoro.

207 2239 424 2288 Dubitas
459 2238 692 2296 fortasse,
726 2257 845 2285 num
875 2239 927 2286 id
949 2239 1146 2288 licuerit
1156 2257 1172 2301 3
1210 2239 1308 2286 iam
1339 2240 1481 2286 multi
1517 2251 1565 2286 et
1587 2240 1639 2287 in
1661 2240 1772 2286 aliis
1799 2238 2128 2304 scriptoribus
2163 2237 2461 2285 dubitarunt.

208 2315 332 2365 Sall.
369 2317 480 2380 Jug.
522 2323 598 2368 48.
638 2314 722 2361 Sed
750 2330 974 2376 postquam
1011 2324 1054 2362 in
1090 2322 1304 2375 Hispania
1338 2322 1561 2372 Hercules,
1596 2324 1723 2362 sicuti
1757 2322 1855 2372 Afri
1884 2329 2069 2374 putant,
2106 2322 2298 2370 interiit‚·
2339 2333 2458 2361 exer-

207 2401 318 2440 citus
352 2401 467 2450 cius,
504 2399 762 2452 compositus
796 2411 846 2439 ex
879 2399 1019 2439 variis
1051 2397 1273 2449 gentibus,
1321 2400 1477 2440 amisso
1506 2400 1631 2449 duce,
1678 2411 1725 2438 ac
1757 2398 1917 2453 passim
1952 2397 2122 2445 multis,
2173 2396 2254 2438 sibi
2288 2397 2461 2452 quisque

208 2477 430 2529 imperium
456 2475 719 2528 petemibus,
746 2474 866 2515 brevi
890 2474 1112 2515 dilabitur.
1150 2469 1306 2535 Quem
1328 2467 1493 2516 locum
1513 2469 1753 2526 Lechner,
1783 2468 1965 2533 Gymn.
2002 2467 2200 2516 Curiani
2236 2468 2376 2515 Rect.
2410 2478 2460 2515 et

207 2545 369 2601 Pros.,
406 2545 459 2592 in
492 2557 857 2611 programmate
893 2562 1000 2603 suo,
1036 2545 1239 2595 Observ.
1273 2545 1326 2592 in
1360 2544 1626 2594 nonnullos
1662 2544 1780 2593 Sall.
1817 2545 1959 2592 locos
1996 2543 2286 2600 continenti,
2323 2555 2459 2592 recte

211 2621 504 2687 explanavit.
555 2621 754 2687 Optime
796 2621 1050 2687 probavit,
1099 2629 1272 2684 quisque
1320 2638 1413 2688 pro
1445 2621 1750 2671 nominativo
1786 2620 2132 2687 accipiendum
2168 2610 2307 2676 esse,
2356 2636 2460 2667 non

207 2715 304 2763 pro
338 2704 579 2760 quibusque,
616 2714 781 2763 neque
812 2706 962 2760 quique
996 2715 1157 2764 neque
1179 2717 1342 2759 quoque
1375 2698 1650 2762 legendum.
1701 2698 1919 2746 Contulit
1954 2698 2095 2744 locos
2120 2713 2198 2762 ap.
2225 2695 2456 2744 Ruddim.

207 2775 274 2829 Π,
310 2790 357 2839 p.
395 2780 490 2826 298
524 2774 730 2832 allatos,
768 2775 889 2823 Liw
907 2776 1040 2833 XXI,
1077 2782 1156 2828 40.
1192 2781 1289 2820 Diis
1323 2781 1568 2821 auctoribus
1603 2783 1647 2820 in
1683 2793 1794 2833 spem
1826 2792 1945 2820 suam
1981 2781 2156 2834 quisque
2187 2780 2369 2826 vocatis,
2407 2781 2458 2817 et

207 2851 391 2898 lustin.
428 2851 600 2907 XXIX,
640 2859 681 2908 1,
719 2859 764 2905 8.
801 2858 865 2898 his
900 2859 1070 2909 regibus
1096 2858 1243 2911 pueris
1275 2881 1341 2889 —
1376 2859 1419 2897 in
1454 2871 1625 2897 suorum
1647 2859 1818 2911 quisque
1847 2858 2055 2897 maiorum
2088 2856 2280 2904 vestigia
2313 2854 2454 2894 niten-

206 2934 331 2974 tibus.
378 2926 757 2994 Quodammodo
793 2940 843 2977 et
876 2929 928 2977 hi
962 2929 1062 2978 loci
1087 2927 1304 2977 conferri
1322 2940 1545 3001 possunt.
1578 2927 1679 2977 Liv.
1718 2928 1751 2985 1,
1787 2934 1866 2982 29.
1903 2933 2053 2989 quibus
2081 2933 2253 2988 quisque
2281 2935 2457 2985 poterae

204 3012 344 3049 elatis.
377 3006 473 3060 IV,
510 2998 592 3056 39.
625 3010 774 3062 quibus
803 3019 977 3063 poterat
1010 3014 1165 3052 sauciis
1199 3011 1353 3052 ductis.
1392 3004 1510 3051 Sall.
1549 3005 1655 3068 Jug.
1696 3012 1802 3055 100.
1841 3012 1908 3049 uti
1955 3008 2160 3048 militibus
2194 3015 2456 3063 exaequatus

205 3101 299 3128 cum
334 3089 587 3138 imperatore
620 3088 742 3127 labor
774 3088 1013 3129 volentibus
1044 3098 1176 3142 esset3
1224 3099 1352 3147 quae
1386 3080 1536 3130 verba
1567 3087 1773 3127 militibus
1805 3111 1872 3119 —
1905 3084 2144 3140 volentibus
2186 3077 2452 3127 ablativum

208 3157 490 3206 absolutum
524 3173 631 3206 esse
664 3159 790 3222 Aug.
816 3157 1096 3207 Grotefend
1129 3157 1224 3223 (gr.
1261 3158 1345 3206 lat.
1380 3159 1442 3204 Τ.
1479 3158 1538 3203 11.
1572 3173 1684 3223 pag.
1721 3152 1842 3217 354)
1875 3166 2010 3202 recte
2045 3154 2226 3203 statuit.
2263 3157 2449 3202 Lucan.

207 3236 279 3288 V,
322 3239 426 3284 171.
462 3240 609 3279 erectis
643 3240 828 3286 discussa
863 3242 1002 3283 comis.
1038 3260 1105 3272 --
1142 3234 1215 3285 Cf.
1254 3234 1402 3286 etiam
1436 3234 1552 3298 Agr.
1591 3239 1670 3286 46.
1721 3239 1806 3279 tuis
1839 3234 1925 3292 ipse
1964 3237 2161 3279 moribus.
2198 3231 2324 3278 Hist·
2362 3231 2448 3287 IV,

206 3317 286 3363 78.
324 3317 412 3356 suis
447 3318 619 3368 quisque
653 3318 767 3357 locis.
2236 3309 2244 3315 χ
