2843 3623
1388 165 1452 215 23

299 331 664 398 Cap.XXV111.
741 329 838 385 Ne
903 331 1033 385 Ubii
1085 334 1343 403 quidem,
1407 349 1772 404 quamquam
1831 333 2100 386 Romanu
2142 335 2364 387 colonia
2417 353 2524 386 esse

526 433 868 495 meruerint,
949 448 1016 482 uc
1082 431 1339 483 libentius
1412 429 1714 485 conditoris
1778 434 1867 483 sui
1919 434 2153 484 nomine
2222 442 2521 497 vocentur,

524 532 739 604 origine
779 525 1126 583 erubescunt.

494 694 628 759 Lips.
675 693 952 743 adnotavit:
1003 693 1308 759 „Agrippam
1354 690 1619 756 intellegit,
1676 693 1762 758 qui
1805 693 2032 741 Rhenum
2076 711 2163 741 cos
2205 693 2391 758 primus
2426 706 2519 742 tra«

297 780 454 839 duxit,
513 793 563 828 et
607 781 658 828 in
703 781 765 829 iis
810 762 1006 830 sedibus
1047 779 1323 830 collocavit.
1391 778 1488 828 Jlle
1543 790 1706 828 tamen
1752 799 1855 830 non
1889 794 1964 831 est
1999 780 2235 830 Coloniae
2267 780 2503 839 conditor.

296 886 456 934 neque
490 880 663 915 auctor
694 851 907 916 nominis
917 887 934 930 3
981 867 1071 917 sed
1103 866 1165 915 ab
1196 867 1468 933 Agrippina
1500 866 1552 914 id
1595 867 1804 925 habent,
1851 870 1956 917 eius
1992 868 2114 926 filia,
2147 855 2356 916 utTac.
2393 869 2525 916 clare

295 957 354 1003 A.
404 962 561 1012 4227.
596 956 808 1020 scripsit.
877 956 1055 1020 Jtaque
1099 954 1344 1009 dubitavi,
1397 970 1516 1001 num
1557 943 1786 1003 conditoris
1829 975 1929 1004 suae
1962 957 2199 1020 legerem:
2241 973 2402 1020 neque
2434 974 2525 1004 no-

296 1058 410 1091 vum
451 1041 554 1089 eius
609 1042 760 1090 flexus
820 1041 971 1093 verba
1033 1041 1086 1088 in
1134 1040 1441 1089 foemineum.
1486 1040 1635 1088 etiam
1678 1058 1827 1106 genus
1872 1042 2120 1109 usurpari,
2184 1041 2422 1106 Virgilius
2469 1041 2529 1089 de

299 1130 492 1178 Junone
531 1136 590 1182 12
603 1136 731 1187 ,159.
765 1138 923 1178 Auctor
951 1148 1024 1186 ego
1057 1135 1252 1176 audendi.
1319 1127 1522 1179 Ovidius
1568 1129 1629 1177 de
1661 1132 1856 1180 Venere
1889 1130 2088 1178 Heroid.
2130 1137 2319 1187 16Λ14.
2352 1150 2531 1191 sponsor

296 1224 486 1274 coniugii
525 1231 617 1265 stat
650 1223 743 1265 Dea
774 1225 899 1279 picta
941 1226 1019 1266 sui.
1085 1219 1149 1266 Et
1193 1217 1335 1284 plura
1368 1228 1483 1265 sunt
1516 1216 1811 1265 eiusmodi.“
1875 1218 1990 1266 Jure
2023 1218 2257 1266 miramur
2289 1218 2527 1286 Lipsium,

299 1305 384 1372 qui
416 1311 644 1354 conditoris
687 1325 745 1354 su
763 1325 820 1355 ae
863 1305 1123 1373 legendum
1155 1305 1392 1355 statuerit.
1428 1301 1660 1372 (Colerus
1701 1324 1802 1353 suae
1846 1306 2055 1374 expungi
2087 1306 2239 1356 voluit
2249 1324 2264 1370 3
2302 1307 2527 1358 Ricklefs

296 1405 462 1461 putat:
518 1392 644 1456 mod)
676 1394 797 1455 fonte
831 1407 961 1460 man,
1013 1396 1093 1443 mie
1135 1394 1243 1456 stip‘f.
1277 1393 1452 1451 moute,
1497 1395 1569 1442 bet
1601 1391 1885 1456 §Deutlicbfeit
1919 1404 2066 1456 twegen
2095 1414 2193 1442 suae
2225 1394 2329 1454 skatt
2361 1406 2429 1444 sm·
2463 1412 2526 1446 et.-

296 1479 499 1544 mattett.)
566 1484 739 1548 Neque
781 1495 944 1531 tamen
988 1483 1146 1531 minus
1191 1483 1402 1530 mirandi
1445 1495 1558 1531 sunt
1604 1495 1654 1531 et
1696 1483 1759 1539 ii,
1806 1483 1892 1547 qui
1936 1483 2133 1548 inopes,
2178 1495 2232 1531 ut
2272 1480 2527 1542 videntur,

297 1569 493 1617 consilii
523 1582 801 1627 tacuerunt,
837 1583 892 1619 ut
924 1571 1134 1628 Ernesti,
1169 1570 1363 1627 Oberl.,
1401 1570 1501 1627 alii,
1537 1582 1586 1617 et
1630 1571 1681 1627 ii,
1717 1569 1802 1634 qui
1836 1582 2010 1618 contra
2040 1570 2263 1636 Lipsium
2292 1579 2528 1634 pugnant,

228 1655 233 1659 ’
295 1669 350 1705 ut
391 1656 624 1721 Longol.,
667 1660 894 1717 Passow‚
930 1661 1079 1717 Hess,
1127 1659 1179 1707 in
1234 1658 1375 1707 cuius
1411 1657 1525 1706 edit.
1574 1657 1860 1706 adnotatum
1891 1657 2120 1722 legimus:
2178 1668 2321 1716 „erat
2352 1655 2530 1722 Agrip-

295 1744 437 1810 pina,
492 1743 581 1790 rel.
609 1775 675 1784 —
720 1745 846 1793 Nam
899 1745 1032 1811 apud
1083 1757 1270 1794 veteres
1327 1751 1518 1793 conditor
1575 1756 1681 1793 erat
1725 1745 2025 1810 epicoenon,
2089 1756 2137 1793 et
2182 1762 2274 1794 vox
2313 1751 2527 1792 conditrix

295 1843 371 1879 est
421 1831 615 1878 demum
658 1832 899 1897 sequioris
957 1832 1076 1880 aevi.
1104 1861 1172 1871 --
1221 1833 1351 1880 Hinc
1397 1829 1491 1896 (⁶2)
1546 1831 1728 1879 frustra
1772 1850 1882 1880 cum
1914 1832 2084 1898 Lipsio
2130 1832 2270 1879 malis
2294 1839 2527 1879 conditoris

296 1937 408 1966 suae.
475 1918 641 1975 (Ovid.
676 1906 806 1968 Fast.
840 1924 902 1971 V.
952 1928 1060 1975 ¹192.
1130 1926 1298 1981 Optima
1344 1934 1392 1967 tu
1430 1927 1599 1980 proprii
1633 1926 1822 1968 snominis
1857 1933 2005 1966 auctor
2036 1917 2184 1982 eris.“)
2221 1921 2349 1966 Num
2379 1919 2521 1986 Lips.

297 2006 537 2056 dubitavit
548 2039 575 2065 ,,
617 2024 734 2055 num
768 2007 939 2056 liceret
972 2012 1163 2055 conditor
1195 2007 1255 2055 de
1289 2006 1471 2055 femina
1504 2006 1707 2055 dicere?
1755 2007 1875 2073 quin
1915 2006 2022 2075 ipse
2067 2005 2289 2072 exempla
2332 2006 2495 2055 attulit
2506 2026 2522 2070 3

297 2093 537 2142 dubitavit
579 2095 941 2153 tantummodo,
992 2094 1069 2144 vel
1112 2095 1294 2143 rectius
1339 2112 1442 2142 non
1487 2094 1750 2152 dubitavit,
1802 2112 1861 2141 ac
1906 2093 2105 2159 quidem
2149 2076 2351 2151 merito,
2405 2097 2528 2162 quin

295 2199 399 2230 non
420 2181 591 2229 liceret
614 2181 777 2230 dicere
803 2182 864 2230 de
881 2182 1064 2230 femina
1089 2188 1281 2230 conditor
1304 2201 1400 2230 suu
1412 2200 1446 2239 5,
1481 2182 1743 2230 dicendum
1763 2194 1838 2230 est
1864 2201 1958 2239 sua,-
1992 2181 2148 2240 vides,
2180 2182 2358 2241 locum,
2381 2201 2526 2249 quem

295 2280 472 2317 testem
505 2268 628 2316 citat
657 2269 784 2316 Hess
821 2279 994 2317 contra
1026 2267 1190 2333 Lips.,
1224 2270 1468 2317 adiectivo
1501 2277 1666 2329 optima
1699 2286 1791 2336 pro
1826 2286 1885 2318 eo
1921 2269 2076 2333 loqui.
2137 2272 2153 2282 '

493 2358 592 2402 Res
628 2356 700 2403 sic
736 2373 788 2403 se
820 2356 985 2403 habet.
1020 2356 1152 2422 Lips.
1183 2362 1254 2415 et',
1290 2357 1333 2404 si
1364 2375 1467 2405 non
1501 2375 1670 2405 omnes
1698 2359 1919 2405 'editores
1953 2369 2002 2404 et
2037 2357 2351 2422 interpretes,
2388 2371 2522 2405 certe

297 2459 492 2500 omnes,
525 2443 610 2507 qui
644 2443 705 2489 de
737 2444 831 2490 hac
864 2461 917 2491 re
948 2445 1103 2492 locuti
1137 2426 1275 2502 sunt,
1323 2444 1679 2511 opinabantur,
1727 2455 1804 2492 -sui
1836 2462 1944 2492 esse
1980 2445 2241 2509 genitivum
2271 2446 2523 2509 pronomi-

299 2531 377 2577 nis
410 2530 680 2596 possesivi,
715 2547 819 2578 non
850 2531 1097 2590 viderunt,
1131 2548 1406 2598 pronomen
1440 2533 1759 2590 ressexivum,
1778 2533 2042 2598 genitivum
2075 2531 2367 2580 obiectivum
2399 2550 2523 2582 esse.

300 2625 498 2665 Conditor
529 2625 620 2676 sui,
669 2619 702 2665 i.
738 2635 781 2666 e.
819 2618 904 2684 qui
937 2635 991 2666 se
1024 2617 1457 2686 (Agrippinenses,
1517 2621 1787 2679 civitatem,
1833 2621 2005 2668 urbem
2038 2615 2228 2681 eorum)
2281 2620 2522 2668 condidit.

296 2701 461 2771 (Virg.
505 2705 633 2753 Aen.
668 2705 716 2761 I,
764 2711 844 2760 33.
880 2710 1051 2755 condere
1081 2721 1262 2765 gentem.
1329 2707 1458 2759 Vell.
1503 2709 1691 2756 Paterc-
1728 2709 1779 2767 1,
1839 2715 1913 2762 15,
1947 2714 2129 2754 colonias
2171 2711 2358 2752 condere.
2395 2687 2521 2755 Just.

296 2793 368 2851 11,
401 2800 454 2848 6.
486 2810 619 2850 genus
646 2797 866 2843 hominum
900 2792 1114 2859 condere.)
1179 2796 1314 2862 Quae
1348 2812 1494 2844 causa
1527 2808 1632 2844 erat
1665 2796 1973 2861 corruptelae
2006 2796 2058 2841 in
2091 2793 2268 2841 Annal.
2305 2795 2396 2854 XI,
2441 2804 2520 2849 24.

294 2886 491 2943 conditor
541 2893 682 2928 noster
728 2886 941 2929 Romulus.
1025 2882 1147 2930 cod.
1195 2882 1447 2931 Guelferb.
1500 2885 1627 2930 teste
1676 2881 2023 2930 Strombeckio
2086 2880 2293 2947 praebet
2355 2890 2520 2944 nostri3

298 2968 429 3020 idem
460 2969 585 3019 meis
622 2967 778 3020 oculis
802 2967 946 3020 video
969 2966 1023 3018 in
1047 2969 1124 3019 ed.
1150 2970 1274 3028 Put„
1310 2968 1536 3037 idemque
1569 2969 1621 3019 in
1654 2967 1766 3020 cod.
1800 2966 1928 3018 Flor.
1963 2968 2030 3019 sit
2063 2979 2278 3038 oportet,
2314 2969 2359 3018 si
2392 2971 2526 3021 Petr.

297 3055 550 3109 Victorius
593 3039 819 3108 accurate
862 3058 1003 3124 legit,
1058 3057 1143 3125 qui
1184 3057 1237 3104 in
1281 3057 1546 3124 exemplari
1576 3058 1720 3106 huius
1752 3056 2013 3116 editionis,
2067 3057 2120 3104 in
2151 3056 2383 3106 biblioth.
2420 3074 2522 3124 reg.

298 3145 494 3204 Monac.
528 3129 749 3206 servato,
774 3130 920 3214 *quod
953 3164 1065 3196 cum
1097 3145 1209 3195 cod.
1240 3144 1327 3194 illo
1360 3146 1597 3205 contulit,
1630 3145 1700 3195 ad
1731 3145 1859 3194 hanc
1890 3161 2065 3196 vocem
2098 3145 2287 3199 nullam
2318 3146 2524 3193 adnota-

296 3232 367 3280 vit
396 3232 678 3283 varietatem
685 3249 704 3295 3
740 3245 790 3282 et
823 3235 866 3283 si
896 3237 1048 3285 Leon.
1086 3234 1299 3302 Spengel
1330 3238 1392 3288 V.
1426 3236 1486 3284 D.
1530 3246 1668 3284 recte
1706 3233 1841 3291 vidit,
1887 3233 2025 3283 cuius
2057 3232 2345 3282 liberalitati
2377 3243 2524 3295 atque
