2843 3623
1329 152 1393 201 28

236 324 361 375 Eod.
398 339 506 389 cap.
558 323 759 393 anue
829 322 1182 378 Germaniae
1243 324 1400 375 velut
1460 319 1633 393 frons
1691 332 1797 387 est,
1876 337 2157 394 quatenus
2215 331 2490 388 Danubio

403 404 831 474 porrigitur.

436 520 574 568 Libri
597 519 785 586 scripti
806 532 856 568 et
883 520 1005 568 editi
1028 530 1218 570 veteres
1252 518 1492 568 fluctuant
1536 519 1667 588 inter
1696 528 1921 581 peragitur
1965 533 2015 569 et
2045 529 2268 580 pergitur,
2313 526 2492 574 deinde

227 598 600 650 ,conficiebatur
632 605 923 655 praetexitur,
973 605 1246 656 protegitur,
1287 603 1585 654 praetenditur
1619 613 1699 644 etc.
1774 596 1971 663 Lipsius
2006 597 2222 657 coniecit
2248 610 2493 658 porrigitur

237 675 394 733 (nunc
439 674 588 720 etiam
640 673 694 720 in
728 674 810 727 ed.
863 676 971 736 Par.
1018 672 1080 721 ab
1115 673 1260 721 Hess.
1292 671 1513 731 lectum),
1552 673 1687 739 quod
1719 672 1951 722 Ernestio
1985 672 2187 739 placuit,
2226 674 2323 723 nisi
2359 677 2494 743 quod

232 760 434 811 porgitur
470 749 710 815 scriptum
744 749 872 807 vult,
927 749 1161 815 quodque
1199 748 1426 797 Scebode
1463 761 1512 798 et
1533 750 1717 798 Walch
1750 762 2069 815 receperunt,
2103 767 2211 797 mea
2248 755 2494 802 sententia

237 827 442 883 merito,
491 843 642 892 quum
689 826 787 873 hoc
838 825 1041 873 verbum
1084 825 1372 889 solemniter
1418 842 1530 872 cum
1576 825 1741 874 fronte
1778 826 2096 874 coniunctum
2129 827 2226 892 legi
2260 827 2492 876 videatur.

239 906 439 951 Terent.
488 903 695 968 Adelph.
733 906 809 958 V,
854 909 912 958 3,
961 909 1040 955 53.
1066 902 1263 960 frontem
1298 911 1570 961 exporrigere.
1640 902 1794 949 Plaut.
1833 903 1942 950 Cas.
1978 904 2044 960 11,
2075 911 2130 960 4,
2167 911 2212 957 3.
2259 912 2495 964 porrectior

230 987 375 1040 frons.
446 980 573 1027 Ovid
621 981 819 1027 Metam.
856 979 954 1035 IV,
1003 984 1113 1032 526.
1164 986 1355 1039 scopulus
1393 984 1589 1036 frontem
1630 988 1817 1039 porrigit
1862 987 1905 1027 in
1948 998 2115 1042 aequor.
2185 981 2379 1038 (Germ.
2415 987 2493 1035 41.

239 1078 344 1118 pars
391 1060 624 1103 Suevorum
648 1087 714 1095 —
752 1063 1006 1115 porrigitur.
1077 1058 1203 1104 Ann.
1239 1057 1284 1114 I,
1331 1062 1406 1109 64.
1441 1061 1644 1114 planities
1680 1062 1996 1117 porrigebatur.
2033 1058 2142 1105 XIII
2152 1092 2166 1116 ,
2204 1064 2282 1112 384
2311 1076 2416 1118 pars
2452 1066 2495 1104 in

235 1141 464 1194 planitiem
491 1133 834 1193 porrigebatur.)

241 1276 361 1344 cap.
416 1278 562 1326 XLV
620 1281 839 1351 Insigni
888 1279 1301 1348 superstitionis
1340 1272 1576 1344 formas
1620 1295 1908 1348 aprorum
1957 1289 2208 1351 gestant3
2250 1281 2334 1343 id,
2387 1298 2490 1350 pro

399 1359 582 1405 armis
643 1359 1114 1422 omniumque
1179 1354 1387 1417 tutela,
1460 1372 1730 1405 securum
1786 1357 1921 1407 deae
1975 1358 2255 1410 cultorem
2318 1360 2494 1437 etiam

397 1434 543 1482 inter
587 1432 765 1484 hostes
805 1440 1071 1502 praestat.

442 1550 601 1614 Lipsii
649 1552 987 1600 coniecturam
1031 1558 1227 1611 omnique
1273 1561 1571 1614 receperunt
1603 1551 1750 1608 Ern.,
1799 1550 1937 1617 Bip.,
1977 1551 2234 1608 Seebode,
2287 1550 2495 1608 Jacobs,

246 1626 501 1682 VVeiliert‚
547 1626 768 1685 Bekker‚
815 1628 1023 1683 WVzssch,
1074 1627 1192 1688 alii3
1243 1626 1322 1674 cui
1370 1626 1575 1673 lectioni
1620 1627 1865 1674 sententia
1909 1628 2108 1692 quidem
2154 1646 2256 1676 non
2305 1627 2498 1688 obstat,

244 1703 334 1753 sed
370 1702 641 1751 auctoritas
679 1703 831 1753 Codd.
869 1714 917 1752 et
952 1703 1061 1751 edd.
1097 1713 1212 1750 vett.
1225 1736 1238 1759 ,
1287 1719 1437 1767 quum
1468 1713 1666 1767 praeter
1699 1704 1816 1749 Tur.
1851 1720 2049 1761 omnes,
2087 1704 2216 1752 inter
2250 1721 2373 1769 quos
2409 1703 2499 1749 eti-

243 1798 324 1828 am
371 1781 585 1837 Humm„
624 1780 856 1828 exhibent
891 1789 1175 1840 omniumque.
1242 1779 1342 1826 Alii
1377 1788 1643 1840 omniumque
1677 1781 2006 1836 retinuerunt,
2061 1798 2268 1846 quorum
2301 1779 2500 1845 plurimi

243 1867 434 1912 tacent,
486 1813 714 1903 nonnulli
765 1857 891 1903 male
937 1856 1265 1915 defensitant,
1326 1871 1489 1919 neque
1533 1855 1708 1902 melius
1752 1857 2109 1904 transtulerunt
2154 1873 2356 1914 omnes,
2415 1855 2501 1920 qui

243 1934 364 1979 mihi
400 1933 751 1990 innotuerunt,
809 1934 1118 1999 interpretrs.
1190 1932 1372 1980 Contra
1417 1931 1640 1980 Passovii
1689 1931 2089 1997 explicationem,
2138 1933 2222 1999 qui
2257 1944 2500 1989 autumat,

245 2010 473 2058 Tacitum
519 2010 671 2059 verbo
717 2019 901 2057 omnium
949 2009 1193 2059 dicturum
1236 2008 1389 2057 fuisse
1433 2016 1727 2057 universarum
1772 2015 2034 2068 cohortium,
2093 2028 2194 2060 non
2237 2018 2500 2068 singulorum

246 2093 460 2145 militum,
507 2086 604 2135 iam
647 2088 774 2136 Hess
826 2104 1065 2154 prospere
1108 2085 1346 2154 pugnavit
1359 2102 1374 2148 3
1424 2085 1511 2133 sed
1553 2085 1784 2150 Longolii
1821 2087 2119 2135 sententiam
2152 2088 2502 2153 „omniumque

248 2181 301 2212 se
335 2164 464 2212 bene
498 2164 731 2225 tuebitur,
764 2165 806 2211 si
848 2164 1190 2230 interpreteris
1227 2163 1367 2227 quasi
1402 2163 1653 2227 tutelaque
1691 2164 1959 2220 omnium“,
1996 2181 2145 2228 quam
2180 2181 2317 2224 suam
2352 2181 2503 2228 agno-

247 2258 387 2289 scere
434 2241 654 2294 videtur‚
702 2240 932 2305 equidem
991 2259 1094 2288 non
1146 2240 1411 2305 perspicio.
1490 2240 1545 2284 In
1592 2239 1823 2301 Longolii
1868 2241 2066 2287 dictatis
2117 2241 2242 2287 nihil
2286 2241 2501 2301 invenio,

247 2334 395 2381 quam
429 2318 555 2365 hoc:
592 2318 824 2374 „Ernesti
869 2317 950 2377 bat
983 2317 1027 2363 in
1066 2324 1083 2367 1
1125 2318 1245 2363 Msc.
1285 2315 1419 2362 omni
1465 2315 1705 2375 gefunben,
1749 2328 1851 2377 mag
1887 2329 1970 2363 nur
2006 2314 2129 2376 hurd)
2167 2317 2231 2364 bie
2265 2317 2502 2365 abbrevia:

246 2399 318 2441 tut
368 2393 616 2455 gefommen
652 2393 803 2454 sennst
872 2393 953 2442 Ad
987 2400 1198 2450 omnium,
1246 2392 1330 2458 qui
1379 2390 1429 2438 id
1479 2402 1707 2449 tuentur,
1764 2410 1936 2443 omnes
1983 2393 2213 2460 supplere
2279 2393 2507 2443 videntur

248 2476 493 2527 hominum,-
532 2483 582 2518 at
620 2489 723 2519 non
759 2471 942 2528 solum,
990 2470 1127 2536 quod
1163 2469 1526 2516 amantissimus
1573 2468 1783 2534 quisque
1818 2469 2038 2518 veritatis
2073 2471 2282 2534 ingenue
2328 2470 2505 2518 fatebi-

248 2559 353 2605 tur,
403 2549 611 2596 maxime
657 2560 732 2596 est
778 2548 1018 2605 otiosum,
1076 2564 1243 2594 verum
1278 2546 1424 2593 etiam
1458 2544 1796 2604 intolerabile,
1835 2564 1985 2613 quum
2018 2547 2199 2595 latinus
2236 2565 2393 2595 sermo
2427 2563 2507 2595 ve-

248 2626 504 2673 hementer
536 2625 799 2673 abhorreat
833 2625 895 2674 ab
929 2626 1023 2673 hac
1058 2624 1321 2673 verborum
1357 2623 1687 2671 collocatione
1699 2642 1714 2685 3
1766 2623 1885 2672 licet
1925 2625 2092 2673 dicere
2139 2644 2260 2672 arma
2294 2640 2335 2673 et
2369 2630 2508 2673 tutela

250 2710 458 2758 omnium,
494 2711 681 2749 omnium
717 2721 840 2749 arma
873 2717 917 2751 et
952 2709 1115 2759 tutela,
1168 2719 1292 2748 arma
1326 2708 1510 2746 omnium
1546 2714 1587 2747 et
1623 2707 1760 2746 tutela
1781 2701 1867 2754 (cf.
1901 2701 2103 2749 Observ.
2139 2719 2272 2749 meas
2304 2703 2357 2749 in
2390 2702 2505 2765 Agr.

247 2795 358 2844 pag.
413 2780 508 2838 3.),
548 2780 636 2826 sed
683 2797 806 2826 arma
848 2794 890 2827 et
939 2789 1127 2826 omnium
1170 2785 1308 2826 tutela
1352 2795 1453 2824 non
1490 2776 1633 2833 licet,
1680 2777 1802 2831 nisi,
1857 2767 2016 2844 quod,
2051 2779 2146 2826 hac
2180 2778 2508 2845 explicatione

246 2868 477 2920 accepta,
533 2875 634 2904 non
677 2870 850 2921 potes,
919 2857 1184 2921 genitivum
1234 2854 1298 2902 ad
1362 2854 1610 2919 posterius
1674 2854 2030 2903 substantivum
2087 2856 2248 2903 solum
2306 2854 2504 2904 referas.

247 2932 473 2979 Ricklcss
509 2932 769 2980 transfert:
832 2931 937 2991 stati
973 2932 1084 2981 callet
1118 2930 1298 2993 Ξίζαῆεη
1333 2932 1420 2978 unt>
1458 2930 1616 2990 &dmg
1642 2943 1695 2978 tc.
1729 2931 1972 2979 Bischoff:
2030 2932 2124 2991 bie&
2171 2931 2252 2992 gilt
2287 2931 2400 2979 allen
2436 2927 2506 2993 fist

247 3008 394 3071 {Buffe
429 3010 516 3056 uni>
555 3008 903 3071 &thutggemebn

449 3091 558 3135 Vox
603 3096 790 3133 omnium
825 3104 934 3134 mea
977 3089 1220 3135 sententia
1255 3104 1361 3152 gen.
1398 3097 1555 3133 neutr.
1594 3098 1693 3140 est,
1741 3098 1790 3133 et
1824 3086 2063 3150 genitivus
2100 3099 2173 3134 est
2207 3085 2506 3142 obiectivus,

251 3163 402 3209 tutela
459 3175 631 3210 contra
675 3164 857 3210 omnia.
906 3166 1157 3212 Docemur
1204 3163 1406 3230 quidem
1440 3162 1604 3208 dicere
1640 3171 1823 3208 omnium
1860 3181 2021 3219 rerum,
2056 3169 2245 3209 omnibus
2279 3168 2421 3218 rebus,
2459 3174 2507 3208 et

251 3250 326 3286 est
347 3256 464 3287 sane
486 3240 741 3297 usitatius,
781 3241 871 3288 scd
891 3253 939 3289 et
962 3254 1187 3289 nostrum
1212 3241 1413 3306 legitur,
1452 3251 1584 3287 certe
1609 3239 1741 3305 apud
1759 3240 1893 3287 Caes.
1919 3252 1966 3287 et
1986 3240 2100 3288 Sall.
2126 3258 2334 3306 quorum
2352 3239 2506 3286 admi-

249 3328 491 3373 ratorem,
543 3316 765 3365 Sallustii
812 3318 959 3364 etiam
1005 3318 1305 3365 imitatorem
1351 3317 1504 3364 fuisse
1541 3317 1769 3364 Tacitum
1815 3334 1872 3363 ex
1908 3318 2061 3383 ipsius
2107 3318 2305 3384 scriptis
2349 3328 2399 3363 et
2433 3315 2504 3362 di-
