2843 3623
499 310 804 364 Terminatio
837 311 892 363 in
925 332 993 363 ere
1021 313 1143 364 Tac.
1179 312 1327 381 longe
1357 314 1573 382 praefert
1606 313 1749 366 alteri
1782 314 1835 364 in
1866 331 2013 374 erunt,
2058 315 2208 366 etiam
2242 312 2296 366 in
2310 305 2392 365 {is
2427 335 2534 366 ver·

230 439 233 442 ‚
301 388 404 468 liis,
454 388 506 438 in
551 388 729 456 quibus
773 390 976 464 eaedem
1006 390 1198 445 litterae
1241 402 1359 441 sunt
1395 392 1508 442 huic
1541 392 1758 452 formae,
1810 409 1936 459 quae
1952 393 2236 457 infinitivo,
2286 405 2340 444 ut
2374 411 2415 444 c.
2451 401 2531 450 36.

301 472 477 513 Interim
506 474 699 526 equitum
732 480 899 530 turmae
919 452 1066 525 fffige
1078 487 1142 524 re,
1176 476 1514 535 σοαυίηανίἰὶ-
1543 478 1754 517 miscuere.
1801 468 1920 516 Sall.
1956 471 2063 535 Ju'g.
2097 477 2172 524 69.
2217 477 2428 528 Vagenses
2461 476 2535 518 ubi

301 550 783 591 animadvertere.
819 550 899 598 98.
936 551 1012 604 qui
1042 563 1128 591 non
1160 551 1386 604 fugere.
1452 546 1580 612 Quin
1624 548 1773 595 etiam
1816 546 1869 592 in
1912 545 2000 600 iis,
2032 546 2086 594 in
2114 546 2292 611 quibus
2337 548 2532 613 syllaba

298 621 570 687 penultima
592 618 750 686 *etiam
780 619 835 668 in
866 618 1107 688 infinitivo
1138 622 1459 690 producitur5
1505 624 1619 690 Agr.
1662 642 1707 673 c.
1745 631 1827 678 37.
1861 628 1933 670 ubi
1965 632 2215 684 compositos
2236 623 2382 688 firmis
2413 632 2531 673 ordi·

305 704 426 746 ru'bus
459 705 577 760 sequi
607 715 752 743 rursus
798 702 997 745 videre
1006 724 1025 756 5
1075 698 1194 746 Sall.
1242 699 1346 748 Cat.
1387 704 1461 752 13.
1513 708 1594 747 nisi
1624 708 1702 759 iis,
1745 707 1819 764 qui
1849 705 2077 759 videre,
2126 707 2281 749 nemini
2312 707 2529 765 crediIQiIIa

295 791 409 824 sunt.
477 773 705 838 (Ramsh.
741 790 814 837 gr.
848 772 932 821 lat.
968 774 1043 822 ed.
1078 776 1138 822 11.
1174 776 1215 836 §.
1253 782 1342 833 62,
1377 782 1434 833 4,
1471 773 1543 840 a.)
2441 767 2443 770 Α

489 853 566 899 De
584 867 789 897 numero
820 849 949 915 plur.
969 868 1012 898 c.
1038 869 1180 917 pron.
1201 862 1375 913 quisque
1393 854 1660 901 coniuncto
1673 828 1769 904 vics
1784 855 1977 923 Zumpt.
2001 871 2070 919 gr.
2094 853 2180 901 lat.
2210 850 2256 918 §.
2279 860 2390 906 367.
2415 856 2464 903 C.
2481 863 2526 909 3.

290 936 630 989 promptissimus
661 934 831 986 quisque
848 956 916 967 —·-
949 936 1267 976 interciderunt.
1293 930 1536 994 Hist.‚‚„I.V‚
1572 938 1646 982 25.
1671 941 1855 990 optimus
1879 940 2050 992 quisque
2077 938 2202 976 iussis
2222 930 2417 989 paruere.

490 1003 706 1074 Tempus
739 1003 1057 1074 praeteritum
1087 1004 1451 1071 significatione
1482 1005 1661 1056 aoristi
1693 1007 2100 1057 consuetudinem
2131 1006 2410 1072 designare,
2442 1025 2531 1057 no·

296 1082 540 1131 tissimum
588 1095 675 1151 est.
711 1080 904 1148 (Herm.
950 1083 1013 1131 de
1057 1081 1248 1130 emend.
1289 1093 1379 1130 rat.
1417 1099 1487 1148 gr.
1523 1099 1593 1147 gr.
1628 1099 1677 1150 p.
1730 1091 1835 1141 188,
1875 1084 2075 1134 Ramsh.
2109 1084 2152 1145 ᾗ.
2192 1090 2311 1142 164,
2349 1090 2403 1142 5,
2455 1083 2531 1144 h.)

295 1161 347 1208 G.
372 1168 417 1213 9.
448 1167 680 1221 aliquando
715 1174 757 1206 et
786 1166 926 1215 elegit.
960 1158 1057 1206 vid.
1088 1158 1284 1206 Walch.
1319 1158 1383 1205 ad
1413 1158 1462 1204 h.
1499 1158 1533 1205 1.
1568 1160 1695 1206 Hist.
1730 1161 1766 1217 I,
1806 1168 1886 1213 30.
1921 1179 2039 1208 nemo
2072 1168 2273 1207 exercuit.
2297 1162 2425 1207 Anu.
2445 1162 2529 1217 III,

296 1243 373 1290 66.
400 1243 632 1294 festinatio
664 1220 824 1283 multo}
854 1244 987 1282 etiam
1018 1241 1151 1281 honos
1180 1254 1345 1294 pessum
1387 1242 1518 1284 dedit.
1555 1236 1722 1284 Germ.
1767 1244 1809 1289 6.
1854 1244 2057 1297 multique
2085 1267 2153 1278 --
2176 1236 2397 1292 finierunt.
2450 1244 2528 1289 24.

292 1320 540 1361 exercitatio
575 1325 710 1360 arcem
741 1318 1007 1372 paravit,
1062 1310 1198 1377 quod
1229 1310 1378 1360 etiam
1405 1309 1516 1360 cod.
1551 1311 1787 1360 Hummel.
1822 1311 1997 1371 habet,
2050 1323 2100 1379 et
2133 1311 2270 1380 quod
2302 1312 2429 1363 Hess
2475 1311 2528 1360 in

293 1388 478 1437 Comm.
514 1391 537 1436 Ι
569 1399 706 1438 recte>
737 1387 925 1436 iudicat
957 1387 1331 1454 praeferendum
1374 1404 1486 1436 esse
1519 1386 1721 1437 lectioni
1749 1403 1901 1449 parat.
1968 1388 2262 1437 Praesertim
2304 1389 2357 1438 in
2391 1405 2528 1440 com·

292 1465 634 1532 parationihus
680 1465 757 1513 usi
800 1477 916 1514 sunt
959 1464 1057 1513 hoc
1100 1477 1322 1531 tempore
1364 1483 1458 1531 pro
1501 1483 1661 1533 praes.
1696 1466 1967 1532 scriptores
2003 1478 2051 1514 et
2082 1466 2249 1530 graeci
2292 1478 2342 1521 et
2370 1465 2525 1515 latini.

290 1542 546 1593 Thiersch.
581 1561 647 1608 gr.
685 1559 753 1607 gr.
786 1540 832 1602 §.
868 1549 987 1599 291,
1024 1549 1071 1596 3.
1140 1542 1277 1606 Virg.
1311 1543 1433 1590 Aen.
1469 1543 1550 1599 lx,
1585 1548 1697 1596 437.
1733 1544 1811 1600 ΧΙ,
1848 1550 1959 1596 810.
1996 1559 2133 1609 seqq.
2169 1543 2284 1600 XII,
2320 1548 2428 1597 588.
2465 1541 2524 1591 al.

482 1621 582 1669 Cur
614 1622 730 1668 Tac.
766 1619 817 1666 in
850 1618 1011 1685 primo
1043 1617 1264 1667 membro
1298 1629 1511 1689 praeter.
1543 1629 1690 1686 temp.
1724 1619 1971 1686 posuerit,
2016 1618 2071 1669 in
2111 1618 2336 1671 secundo
2379 1634 2523 1690 prae·

289 1696 441 1744 sens?
472 1709 526 1744 ut
559 1697 680 1743 illud
712 1697 886 1749 tertio,
919 1695 1030 1742 hoc·
1051 1707 1229 1759 quarto
1263 1695 1598 1760 responderet.

846 1788 998 1816 contra
1030 1786 1206 1817 ruerunt
1413 1775 1433 1784 '¹
1497 1779 1715 1829 pelluntur

843 1853 1080 1895 ceciderunt
1497 1854 1683 1906 reliquus
1715 1861 1789 1895 est.

287 1922 417 1972 Curt.
452 1922 533 1982 III,
575 1930 650 1978 19.
689 1928 920 1972 terribelem
952 1937 1083 1970 antea
1116 1939 1252 1979 regem
1288 1935 1460 1969 cautum
1491 1941 1570 1982 pro
1606 1930 1829 1971 temerario
1853 1926 2041 1980 factum,
2076 1928 2371 1973 delituisse
2405 1929 2516 1972 inter

286 1996 510 2057 angustias¹
539 2008 674 2047 saltus
701 2008 788 2047 ritu
810 2005 1056 2056 ignobilium
1079 2003 1305 2057 ferarum,
1347 2016 1454 2059 quae
1497 2002 1679 2058 strepitu
1705 2007 2067 2060 praetereuntium
2102 2005 2276 2062 audito,
2311 2005 2516 2048 silvarum

281 2083 454 2125 latebris
504 2095 548 2124 se
600 2082 953 2124 occuluerint
997 2076 1073 2136 (ut
1113 2087 1248 2124 recte
1282 2076 1487 2142 Zumpt,
1542 2075 1627 2123 alii
1669 2075 1978 2132 occuluerunt).
2046 2077 2155 2125 Jam
2185 2092 2243 2123 en
2276 2075 2517 2125 editorum

280 2154 681 2203 adnotationibus
725 2165 897 2200 notum
937 2164 1038 2211 est,
1085 2143 1416 2219 quammulta
1450 2152 1582 2221 apud
1614 2153 1840 2201 Tacitum
1878 2153 2142 2219 Virgilium
2187 2153 2405 2222 sapiant,
2468 2164 2516 2201 et

253 2232 450 2280 1licebit
486 2231 628 2287 mihi,
692 2231 884 2286 etiamsi
926 2241 1117 2277 taceam
1161 2229 1223 2276 de
1266 2229 1465 2296 poetica
1510 2229 1675 2276 Taciti
1695 2228 1697 2230 ’
1717 2231 1967 2288 oratione,
2000 2230 2068 2277 ad
2098 2224 2322 2279 nostrum
2352 2229 2514 2279 locum

278 2309 624 2357 illustrandum
658 2307 958 2371 Virgilianos
993 2306 1185 2354 afferre.

475 2388 596 2434 Aen.
636 2390 742 2437 444.
787 2384 904 2430 Non
933 2394 1035 2430 tam
1058 2381 1357 2448 praecipites
1389 2381 1557 2450 biiugo
1599 2382 1863 2430 certamine
1903 2400 2131 2450 campum

779 2449 816 2496 C
830 2448 1177 2525 onripuere
1210 2460 1498 2524 ruuntque
1547 2447 1688 2495 effusi
1738 2464 1935 2495 carcere
1970 2466 2167 2511 currus3

775 2516 881 2564 Nec
925 2531 999 2563 sic
1041 2512 1259 2565 inmissis
1290 2530 1486 2578 aurigae
1515 2513 1754 2561 undantia
1786 2513 1894 2562 lora

776 2581 857 2630 Co
871 2599 905 2628 n
918 2598 997 2629 ou
1011 2597 1035 2628 s
1053 2598 1076 2628 s
1089 2597 1116 2627 e
1130 2596 1196 2628 re
1228 2579 1353 2644 iugis
1385 2580 1632 2645 pronique
1667 2579 1720 2627 in
1752 2580 1956 2629 verbera
1989 2597 2102 2646 pen
2119 2580 2276 2628 dent.

274 2655 473 2706 Similes
511 2670 626 2707 sunt
658 2657 724 2714 Π,
768 2663 880 2712 631.
915 2658 982 2714 Χ,
1017 2662 1133 2710 707.
1166 2655 1493 2721 804·Georg.
1526 2656 1616 2714 ΙΙΙ,
1657 2662 1792 2714 197.,
1829 2655 1881 2703 in
1915 2655 2089 2724 quibus
2123 2653 2348 2706 omnibus
2383 2653 2509 2721 perf.

273 2745 326 2782 et
357 2749 521 2800 praes.
558 2733 825 2782 coniuncta
856 2733 1012 2784 vides.
2165 2788 2171 2791 ,

476 2819 635 2856 Contra
666 2829 784 2857 ruere
817 2828 861 2858 c.
898 2811 999 2859 dat.
1034 2809 1362 2866 construitur,
1397 2822 1452 2857 ut
1485 2824 1635 2855 contra
1669 2816 1814 2864 dicere,
1849 2822 2000 2853 contra
2023 2825 2196 2865 ponere,
2229 2822 2386 2854 contra
2418 2816 2507 2863 ite,

271 2886 399 2942 Ann,
433 2885 521 2942 XI,
572 2893 646 2938 10.
693 2899 736 2932 et
768 2889 866 2933 huic
907 2900 1059 2933 contra
1100 2893 1239 2948 itum3
1286 2885 1383 2933 nisi
1416 2885 1661 2933 obiectum
1694 2884 1824 2931 inter
1864 2880 2283 2948 praepositionem
2317 2895 2368 2931 et
2399 2899 2511 2933 ver-

274 2960 417 3020 bum,
455 2961 531 3012 vel
562 2961 869 3030 praepositio
902 2973 1019 3029 post
1051 2960 1254 3014 verbum
1287 2961 1453 3029 posita
1486 2973 1572 3010 est.

469 3064 578 3115 Jam
623 3064 916 3113 veniendum
959 3064 1023 3113 ad
1056 3062 1135 3123 id,
1171 3060 1319 3114 'euius
1365 3080 1511 3113 causa
1542 3062 1663 3109 haec
1708 3059 1978 3127 praemissa
2042 3071 2174 3111 sunt.
2204 3062 2314 3113 Vos
2347 3060 2509 3128 igitur,

273 3140 511 3207 Princeps
537 3140 875 3199 Serenissime,
908 3141 1053 3190 huius
1084 3140 1223 3191 urbis
1257 3143 1506 3195 ProcereS,
1543 3137 1648 3188 Viri
1663 3136 1995 3195 illustrissimi,
2029 3154 2218 3188 summe
2239 3136 2509 3196 reverendi,

271 3216 665 3277 honoratissimi,
698 3216 931 3285 parentes
965 3217 1341 3285 discipulorum,
1394 3225 1640 3282 quotquot
1673 3207 1886 3280 denique
1925 3213 2072 3271 bunis
2105 3214 2285 3264 litteris
2317 3213 2509 3272 favetis,

269 3305 326 3341 ut
358 3291 615 3352 solemnia,
650 3310 775 3362 quae
809 3309 956 3360 supra
988 3295 1157 3350 indixi,
1188 3292 1466 3358 >frequentia
1498 3302 1660 3337 vestra
1710 3290 1984 3338 honorifica
2025 3290 2364 3358 splendidiora
2395 3288 2507 3338 red-

272 3368 432 3427 datis,
468 3371 628 3428 omni,
662 3388 761 3436 qua
792 3387 886 3436 par
918 3383 1017 3428 est,
1053 3369 1389 3424 observantia,
1422 3366 1729 3425 verecundia,
1766 3368 1949 3432 pietate
1978 3363 2128 3417 etiam
2171 3371 2322 3432 atque
2351 3366 2499 3414 etiam

200 3476 203 3481 ·
273 3460 504 3512 ΐΟὸΕῙΠΠβ
537 3456 699 3514 atque*
723 3461 935 3495 oramuS·
2584 3435 2587 3437 -
2833 3433 2835 3435 ¹
