<?xml version="1.0" encoding="UTF-8"?>
<!DOCTYPE html PUBLIC "-//W3C//DTD XHTML 1.0 Transitional//EN"
    "http://www.w3.org/TR/xhtml1/DTD/xhtml1-transitional.dtd">
<html xmlns="http://www.w3.org/1999/xhtml" xml:lang="en" lang="en">
 <head>
  <title>
</title>
<meta http-equiv="Content-Type" content="text/html;charset=utf-8" />
  <meta name='ocr-system' content='tesseract 3.04.00' />
  <meta name='ocr-capabilities' content='ocr_page ocr_carea ocr_par ocr_line ocrx_word'/>
</head>
<body>
  <div class='ocr_page' id='page_1' title='image "4766851_0027.png"; bbox 0 0 2843 3623; ppageno 0'>
   <div class='ocr_carea' id='block_1_1' title="bbox 1410 163 1465 209">
    <p class='ocr_par' dir='ltr' id='par_1_1' title="bbox 1410 163 1465 209">
     <span class='ocr_line' id='line_1_1' title="bbox 1410 163 1465 209; baseline 0 0"><span class='ocrx_word' id='word_1_1' title='bbox 1410 163 1465 209; x_wconf 71' lang='lat'><strong>21</strong></span> 
     </span>
    </p>
   </div>
   <div class='ocr_carea' id='block_1_2' title="bbox 1310 219 1587 230">
    <p class='ocr_par' dir='ltr' id='par_1_2' title="bbox 1310 219 1587 230">
     <span class='ocr_line' id='line_1_2' title="bbox 1310 219 1587 230; baseline 0 3393"><span class='ocrx_word' id='word_1_2' title='bbox 1310 219 1587 230; x_wconf 95' lang='lat' dir='ltr'><strong> </strong></span> 
     </span>
    </p>
   </div>
   <div class='ocr_carea' id='block_1_3' title="bbox 320 328 2546 745">
    <p class='ocr_par' dir='ltr' id='par_1_3' title="bbox 320 328 2546 745">
     <span class='ocr_line' id='line_1_3' title="bbox 331 328 2545 398; baseline 0 -19"><span class='ocrx_word' id='word_1_3' title='bbox 331 333 489 398; x_wconf 71' lang='lat' dir='ltr'><strong>Spin,</strong></span> <span class='ocrx_word' id='word_1_4' title='bbox 533 332 706 391; x_wconf 79' lang='lat' dir='ltr'><strong>Rath.3</strong></span> <span class='ocrx_word' id='word_1_5' title='bbox 749 349 827 389; x_wconf 82' lang='lat' dir='ltr'><strong>per</strong></span> <span class='ocrx_word' id='word_1_6' title='bbox 870 337 989 377; x_wconf 80' lang='lat' dir='ltr'><strong>vicos</strong></span> <span class='ocrx_word' id='word_1_7' title='bbox 1034 329 1247 378; x_wconf 83' lang='lat' dir='ltr'><strong>Piehena</strong></span> <span class='ocrx_word' id='word_1_8' title='bbox 1280 329 1523 387; x_wconf 89' lang='lat' dir='ltr'><strong>coniecit,</strong></span> <span class='ocrx_word' id='word_1_9' title='bbox 1570 330 1765 378; x_wconf 87' lang='lat' dir='ltr'><strong>Brotier</strong></span> <span class='ocrx_word' id='word_1_10' title='bbox 1795 328 2045 395; x_wconf 81' lang='lat' dir='ltr'><strong>probavit,</strong></span> <span class='ocrx_word' id='word_1_11' title='bbox 2095 329 2319 379; x_wconf 85' lang='lat' dir='ltr'><strong>Bischoff</strong></span> <span class='ocrx_word' id='word_1_12' title='bbox 2348 333 2545 397; x_wconf 89' lang='lat' dir='ltr'><strong>recepit.</strong></span> 
     </span>
     <span class='ocr_line' id='line_1_4' title="bbox 325 415 2545 483; baseline 0 -18"><span class='ocrx_word' id='word_1_13' title='bbox 325 420 459 467; x_wconf 85' lang='lat' dir='ltr'><strong>Inter</strong></span> <span class='ocrx_word' id='word_1_14' title='bbox 484 416 629 466; x_wconf 89' lang='lat' dir='ltr'><strong>codd.</strong></span> <span class='ocrx_word' id='word_1_15' title='bbox 651 416 749 465; x_wconf 88' lang='lat' dir='ltr'><strong>iam</strong></span> <span class='ocrx_word' id='word_1_16' title='bbox 772 434 1005 466; x_wconf 82' lang='lat' dir='ltr'><strong>excussos</strong></span> <span class='ocrx_word' id='word_1_17' title='bbox 1035 434 1160 464; x_wconf 90' lang='lat' dir='ltr'><strong>unus</strong></span> <span class='ocrx_word' id='word_1_18' title='bbox 1183 418 1351 466; x_wconf 87' lang='lat' dir='ltr'><strong>Bamb.</strong></span> <span class='ocrx_word' id='word_1_19' title='bbox 1387 432 1550 465; x_wconf 81' lang='lat' dir='ltr'><strong>veram</strong></span> <span class='ocrx_word' id='word_1_20' title='bbox 1585 416 1733 465; x_wconf 88' lang='lat' dir='ltr'><strong>habet</strong></span> <span class='ocrx_word' id='word_1_21' title='bbox 1765 415 2028 465; x_wconf 86' lang='lat' dir='ltr'><strong>lectionem</strong></span> <span class='ocrx_word' id='word_1_22' title='bbox 2062 426 2191 473; x_wconf 75' lang='lat' dir='ltr'><strong>vicis,</strong></span> <span class='ocrx_word' id='word_1_23' title='bbox 2227 435 2371 483; x_wconf 88' lang='lat' dir='ltr'><strong>quam</strong></span> <span class='ocrx_word' id='word_1_24' title='bbox 2395 435 2545 483; x_wconf 85' lang='lat' dir='ltr'><strong>agno-</strong></span> 
     </span>
     <span class='ocr_line' id='line_1_5' title="bbox 325 503 2546 569; baseline -0 -16"><span class='ocrx_word' id='word_1_25' title='bbox 325 515 497 554; x_wconf 79' lang='lat' dir='ltr'><strong>verunt</strong></span> <span class='ocrx_word' id='word_1_26' title='bbox 512 503 736 560; x_wconf 79' lang='lat' dir='ltr'><strong>Bredow‚</strong></span> <span class='ocrx_word' id='word_1_27' title='bbox 758 504 1060 567; x_wconf 70' lang='lat' dir='ltr'><strong>Woltmann,</strong></span> <span class='ocrx_word' id='word_1_28' title='bbox 1090 503 1343 569; x_wconf 85' lang='lat' dir='ltr'><strong>Sprengel,</strong></span> <span class='ocrx_word' id='word_1_29' title='bbox 1373 503 1614 561; x_wconf 60' lang='lat' dir='ltr'><strong>W&#39;eikert,</strong></span> <span class='ocrx_word' id='word_1_30' title='bbox 1644 503 1887 559; x_wconf 85' lang='lat' dir='ltr'><strong>Seebode,</strong></span> <span class='ocrx_word' id='word_1_31' title='bbox 1913 505 2142 559; x_wconf 87' lang='lat' dir='ltr'><strong>Teubert,</strong></span> <span class='ocrx_word' id='word_1_32' title='bbox 2166 505 2350 550; x_wconf 87' lang='lat' dir='ltr'><strong>Luden.</strong></span> <span class='ocrx_word' id='word_1_33' title='bbox 2375 505 2546 552; x_wconf 89' lang='lat' dir='ltr'><strong>Plures</strong></span> 
     </span>
     <span class='ocr_line' id='line_1_6' title="bbox 325 589 2544 656; baseline 0.001 -16"><span class='ocrx_word' id='word_1_34' title='bbox 325 593 535 641; x_wconf 86' lang='lat' dir='ltr'><strong>fortasse</strong></span> <span class='ocrx_word' id='word_1_35' title='bbox 567 610 760 641; x_wconf 91' lang='lat' dir='ltr'><strong>mecum</strong></span> <span class='ocrx_word' id='word_1_36' title='bbox 791 592 1006 640; x_wconf 89' lang='lat' dir='ltr'><strong>sentient</strong></span> <span class='ocrx_word' id='word_1_37' title='bbox 1040 608 1189 656; x_wconf 87' lang='lat' dir='ltr'><strong>quum</strong></span> <span class='ocrx_word' id='word_1_38' title='bbox 1230 591 1369 648; x_wconf 85' lang='lat' dir='ltr'><strong>dico,</strong></span> <span class='ocrx_word' id='word_1_39' title='bbox 1417 608 1588 640; x_wconf 90' lang='lat' dir='ltr'><strong>omnes</strong></span> <span class='ocrx_word' id='word_1_40' title='bbox 1633 591 1722 639; x_wconf 87' lang='lat' dir='ltr'><strong>has</strong></span> <span class='ocrx_word' id='word_1_41' title='bbox 1765 591 2010 641; x_wconf 80' lang='lat' dir='ltr'><strong>variantes</strong></span> <span class='ocrx_word' id='word_1_42' title='bbox 2057 589 2191 639; x_wconf 89' lang='lat' dir='ltr'><strong>lectt.</strong></span> <span class='ocrx_word' id='word_1_43' title='bbox 2236 608 2292 639; x_wconf 84' lang='lat' dir='ltr'><strong>ex</strong></span> <span class='ocrx_word' id='word_1_44' title='bbox 2334 609 2431 639; x_wconf 89' lang='lat' dir='ltr'><strong>una</strong></span> <span class='ocrx_word' id='word_1_45' title='bbox 2464 610 2544 642; x_wconf 92' lang='lat' dir='ltr'><strong>so-</strong></span> 
     </span>
     <span class='ocr_line' id='line_1_7' title="bbox 320 675 2544 745; baseline 0.001 -20"><span class='ocrx_word' id='word_1_46' title='bbox 320 679 469 726; x_wconf 85' lang='lat' dir='ltr'><strong>lemni</strong></span> <span class='ocrx_word' id='word_1_47' title='bbox 500 680 566 744; x_wconf 68' lang='lat' dir='ltr'><strong>¹in</strong></span> <span class='ocrx_word' id='word_1_48' title='bbox 600 680 742 728; x_wconf 87' lang='lat' dir='ltr'><strong>codd.</strong></span> <span class='ocrx_word' id='word_1_49' title='bbox 777 679 1046 728; x_wconf 85' lang='lat' dir='ltr'><strong>mutatione</strong></span> <span class='ocrx_word' id='word_1_50' title='bbox 1077 678 1349 726; x_wconf 87' lang='lat' dir='ltr'><strong>litterarum</strong></span> <span class='ocrx_word' id='word_1_51' title='bbox 1387 687 1402 723; x_wconf 90' lang='lat' dir='ltr'><em>i</em></span> <span class='ocrx_word' id='word_1_52' title='bbox 1435 690 1485 726; x_wconf 92' lang='lat' dir='ltr'><strong>et</strong></span> <span class='ocrx_word' id='word_1_53' title='bbox 1518 697 1537 725; x_wconf 89' lang='lat' dir='ltr'><strong>e</strong></span> <span class='ocrx_word' id='word_1_54' title='bbox 1569 679 1819 743; x_wconf 84' lang='lat' dir='ltr'><strong>profectas</strong></span> <span class='ocrx_word' id='word_1_55' title='bbox 1854 695 1962 727; x_wconf 90' lang='lat' dir='ltr'><strong>esse</strong></span> <span class='ocrx_word' id='word_1_56' title='bbox 1994 696 2145 745; x_wconf 92' lang='lat' dir='ltr'><strong>posse</strong></span> <span class='ocrx_word' id='word_1_57' title='bbox 2154 707 2171 736; x_wconf 91' lang='lat'><strong>,-</strong></span> <span class='ocrx_word' id='word_1_58' title='bbox 2205 691 2259 727; x_wconf 91' lang='lat' dir='ltr'><strong>ut</strong></span> <span class='ocrx_word' id='word_1_59' title='bbox 2303 675 2544 727; x_wconf 85' lang='lat' dir='ltr'><strong>sente-ntia</strong></span> 
     </span>
    </p>
   </div>
   <div class='ocr_carea' id='block_1_4' title="bbox 322 761 2554 833">
    <p class='ocr_par' dir='ltr' id='par_1_4' title="bbox 322 761 2554 833">
     <span class='ocr_line' id='line_1_8' title="bbox 322 761 2554 833; baseline -0.001 -19"><span class='ocrx_word' id='word_1_60' title='bbox 322 767 559 832; x_wconf 83' lang='lat' dir='ltr'>quaedam</span> <span class='ocrx_word' id='word_1_61' title='bbox 591 767 836 833; x_wconf 85' lang='lat' dir='ltr'><strong>prodiret,</strong></span> <span class='ocrx_word' id='word_1_62' title='bbox 889 779 972 815; x_wconf 89' lang='lat' dir='ltr'><strong>aut</strong></span> <span class='ocrx_word' id='word_1_63' title='bbox 1015 766 1230 815; x_wconf 83' lang='lat' dir='ltr'><strong>litteram</strong></span> <span class='ocrx_word' id='word_1_64' title='bbox 1262 785 1282 813; x_wconf 87' lang='lat' dir='ltr'><strong>s</strong></span> <span class='ocrx_word' id='word_1_65' title='bbox 1315 765 1624 823; x_wconf 88' lang='lat' dir='ltr'><strong>abiecerunt,</strong></span> <span class='ocrx_word' id='word_1_66' title='bbox 1667 777 1751 813; x_wconf 88' lang='lat' dir='ltr'><strong>aut</strong></span> <span class='ocrx_word' id='word_1_67' title='bbox 1796 766 2222 832; x_wconf 86' lang='lat' dir='ltr'><strong>praepositionem</strong></span> <span class='ocrx_word' id='word_1_68' title='bbox 2263 761 2305 812; x_wconf 68' lang='lat' dir='ltr'><strong>in</strong></span> <span class='ocrx_word' id='word_1_69' title='bbox 2348 766 2424 814; x_wconf 84' lang='lat' dir='ltr'><strong>vel</strong></span> <span class='ocrx_word' id='word_1_70' title='bbox 2464 785 2554 825; x_wconf 79' lang='lat' dir='ltr'><strong>per·</strong></span> 
     </span>
    </p>
   </div>
   <div class='ocr_carea' id='block_1_5' title="bbox 295 852 2544 3274">
    <p class='ocr_par' dir='ltr' id='par_1_5' title="bbox 300 852 2544 2314">
     <span class='ocr_line' id='line_1_9' title="bbox 318 852 2541 921; baseline -0 -21"><span class='ocrx_word' id='word_1_71' title='bbox 318 854 648 910; x_wconf 87' lang='lat' dir='ltr'><strong>intruserunt,</strong></span> <span class='ocrx_word' id='word_1_72' title='bbox 708 871 910 919; x_wconf 86' lang='lat' dir='ltr'><strong>quarum</strong></span> <span class='ocrx_word' id='word_1_73' title='bbox 965 866 1138 902; x_wconf 88' lang='lat' dir='ltr'><strong>neutra</strong></span> <span class='ocrx_word' id='word_1_74' title='bbox 1185 855 1236 901; x_wconf 90' lang='lat' dir='ltr'><strong>in</strong></span> <span class='ocrx_word' id='word_1_75' title='bbox 1280 854 1383 902; x_wconf 92' lang='lat' dir='ltr'><strong>ullo</strong></span> <span class='ocrx_word' id='word_1_76' title='bbox 1432 853 1605 901; x_wconf 77' lang='lat' dir='ltr'><strong>codice</strong></span> <span class='ocrx_word' id='word_1_77' title='bbox 1651 853 1841 917; x_wconf 86' lang='lat' dir='ltr'><strong>legitur.</strong></span> <span class='ocrx_word' id='word_1_78' title='bbox 1878 885 1944 893; x_wconf 93' lang='lat'>—</span> <span class='ocrx_word' id='word_1_79' title='bbox 1978 855 2072 921; x_wconf 81' lang='lat' dir='ltr'><strong>Qui</strong></span> <span class='ocrx_word' id='word_1_80' title='bbox 2112 873 2192 914; x_wconf 82' lang='lat' dir='ltr'><strong>per</strong></span> <span class='ocrx_word' id='word_1_81' title='bbox 2243 861 2356 901; x_wconf 82' lang='lat' dir='ltr'><strong>vices</strong></span> <span class='ocrx_word' id='word_1_82' title='bbox 2388 852 2464 901; x_wconf 84' lang='lat' dir='ltr'><strong>vel</strong></span> <span class='ocrx_word' id='word_1_83' title='bbox 2499 863 2541 900; x_wconf 88' lang='lat' dir='ltr'><strong>in</strong></span> 
     </span>
     <span class='ocr_line' id='line_1_10' title="bbox 317 939 2544 1006; baseline 0 -21"><span class='ocrx_word' id='word_1_84' title='bbox 317 947 429 986; x_wconf 79' lang='lat' dir='ltr'><strong>vices</strong></span> <span class='ocrx_word' id='word_1_85' title='bbox 474 939 667 1005; x_wconf 79' lang='lat' dir='ltr'><strong>legunt,</strong></span> <span class='ocrx_word' id='word_1_86' title='bbox 724 941 962 987; x_wconf 86' lang='lat' dir='ltr'><strong>Gronovii</strong></span> <span class='ocrx_word' id='word_1_87' title='bbox 1011 941 1339 1006; x_wconf 83' lang='lat' dir='ltr'><strong>explicatione</strong></span> <span class='ocrx_word' id='word_1_88' title='bbox 1385 951 1612 996; x_wconf 90' lang='lat' dir='ltr'><strong>utuntur,</strong></span> <span class='ocrx_word' id='word_1_89' title='bbox 1659 941 1767 1004; x_wconf 88' lang='lat' dir='ltr'><strong>qui:</strong></span> <span class='ocrx_word' id='word_1_90' title='bbox 1805 942 1989 998; x_wconf 82' lang='lat' dir='ltr'><strong>„Satis‚</strong></span> <span class='ocrx_word' id='word_1_91' title='bbox 2027 942 2213 1006; x_wconf 85' lang='lat' dir='ltr'><strong>inquit,</strong></span> <span class='ocrx_word' id='word_1_92' title='bbox 2266 940 2429 1005; x_wconf 86' lang='lat' dir='ltr'><strong>placet</strong></span> <span class='ocrx_word' id='word_1_93' title='bbox 2469 959 2544 998; x_wconf 84' lang='lat' dir='ltr'><strong>per</strong></span> 
     </span>
     <span class='ocr_line' id='line_1_11' title="bbox 317 1028 2542 1088; baseline 0 -15"><span class='ocrx_word' id='word_1_94' title='bbox 317 1035 442 1074; x_wconf 79' lang='lat' dir='ltr'><strong>vices.</strong></span> <span class='ocrx_word' id='word_1_95' title='bbox 519 1028 696 1076; x_wconf 82' lang='lat' dir='ltr'><strong>Caeser</strong></span> <span class='ocrx_word' id='word_1_96' title='bbox 727 1028 759 1074; x_wconf 88' lang='lat' dir='ltr'><strong>l.</strong></span> <span class='ocrx_word' id='word_1_97' title='bbox 801 1035 847 1081; x_wconf 88' lang='grc'><strong>6.</strong></span> <span class='ocrx_word' id='word_1_98' title='bbox 888 1028 1012 1075; x_wconf 81' lang='lat' dir='ltr'><strong>Gall.</strong></span> <span class='ocrx_word' id='word_1_99' title='bbox 1039 1035 1332 1084; x_wconf 79' lang='lat' dir='ltr'><strong>Agriculturae</strong></span> <span class='ocrx_word' id='word_1_100' title='bbox 1358 1046 1441 1073; x_wconf 85' lang='lat' dir='ltr'><strong>non</strong></span> <span class='ocrx_word' id='word_1_101' title='bbox 1474 1033 1668 1072; x_wconf 80' lang='lat' dir='ltr'><strong>student:</strong></span> <span class='ocrx_word' id='word_1_102' title='bbox 1713 1047 1841 1086; x_wconf 79' lang='lat' dir='ltr'><strong>neque</strong></span> <span class='ocrx_word' id='word_1_103' title='bbox 1874 1037 2093 1088; x_wconf 79' lang='lat' dir='ltr'><strong>quisquam</strong></span> <span class='ocrx_word' id='word_1_104' title='bbox 2128 1036 2222 1084; x_wconf 77' lang='lat' dir='ltr'><strong>agri</strong></span> <span class='ocrx_word' id='word_1_105' title='bbox 2253 1034 2419 1074; x_wconf 80' lang='lat' dir='ltr'><strong>modum</strong></span> <span class='ocrx_word' id='word_1_106' title='bbox 2455 1046 2542 1074; x_wconf 88' lang='lat' dir='ltr'><strong>cer-</strong></span> 
     </span>
     <span class='ocr_line' id='line_1_12' title="bbox 317 1121 2542 1177; baseline 0.002 -18"><span class='ocrx_word' id='word_1_107' title='bbox 317 1128 405 1160; x_wconf 87' lang='lat' dir='ltr'><strong>tum</strong></span> <span class='ocrx_word' id='word_1_108' title='bbox 451 1133 498 1160; x_wconf 87' lang='lat' dir='ltr'><strong>ac</strong></span> <span class='ocrx_word' id='word_1_109' title='bbox 536 1121 645 1169; x_wconf 84' lang='lat' dir='ltr'><strong>fines</strong></span> <span class='ocrx_word' id='word_1_110' title='bbox 682 1124 877 1173; x_wconf 80' lang='lat' dir='ltr'><strong>proprios</strong></span> <span class='ocrx_word' id='word_1_111' title='bbox 914 1121 1066 1162; x_wconf 75' lang='lat' dir='ltr'><strong>habet:</strong></span> <span class='ocrx_word' id='word_1_112' title='bbox 1118 1122 1192 1161; x_wconf 85' lang='lat' dir='ltr'><strong>sed</strong></span> <span class='ocrx_word' id='word_1_113' title='bbox 1220 1123 1497 1170; x_wconf 77' lang='lat' dir='ltr'><strong>magistratus</strong></span> <span class='ocrx_word' id='word_1_114' title='bbox 1530 1121 1574 1159; x_wconf 88' lang='lat' dir='ltr'><strong>in</strong></span> <span class='ocrx_word' id='word_1_115' title='bbox 1610 1132 1742 1161; x_wconf 84' lang='lat' dir='ltr'><strong>annos</strong></span> <span class='ocrx_word' id='word_1_116' title='bbox 1776 1122 1959 1170; x_wconf 78' lang='lat' dir='ltr'><strong>singulos</strong></span> <span class='ocrx_word' id='word_1_117' title='bbox 1990 1121 2182 1171; x_wconf 80' lang='lat' dir='ltr'><strong>gentibus</strong></span> <span class='ocrx_word' id='word_1_118' title='bbox 2219 1122 2542 1177; x_wconf 77' lang='lat' dir='ltr'><strong>nationibusque</strong></span> 
     </span>
     <span class='ocr_line' id='line_1_13' title="bbox 315 1207 2540 1265; baseline 0.002 -19"><span class='ocrx_word' id='word_1_119' title='bbox 315 1208 542 1258; x_wconf 81' lang='lat' dir='ltr'><strong>hominum,</strong></span> <span class='ocrx_word' id='word_1_120' title='bbox 581 1209 653 1261; x_wconf 80' lang='lat' dir='ltr'><strong>qui</strong></span> <span class='ocrx_word' id='word_1_121' title='bbox 687 1221 772 1248; x_wconf 82' lang='lat' dir='ltr'><strong>una</strong></span> <span class='ocrx_word' id='word_1_122' title='bbox 805 1215 1008 1257; x_wconf 84' lang='lat' dir='ltr'><strong>co‘z&#39;erunt,</strong></span> <span class='ocrx_word' id='word_1_123' title='bbox 1043 1217 1249 1262; x_wconf 81' lang='lat' dir='ltr'><strong>quantum</strong></span> <span class='ocrx_word' id='word_1_124' title='bbox 1284 1210 1343 1249; x_wconf 87' lang='lat' dir='ltr'><strong>eis</strong></span> <span class='ocrx_word' id='word_1_125' title='bbox 1377 1216 1418 1249; x_wconf 86' lang='lat' dir='ltr'><strong>et</strong></span> <span class='ocrx_word' id='word_1_126' title='bbox 1452 1220 1533 1261; x_wconf 82' lang='lat' dir='ltr'><strong>quo</strong></span> <span class='ocrx_word' id='word_1_127' title='bbox 1569 1207 1658 1247; x_wconf 90' lang='lat' dir='ltr'><em>loco</em></span> <span class='ocrx_word' id='word_1_128' title='bbox 1694 1208 1831 1247; x_wconf 83' lang='lat' dir='ltr'><strong>visum</strong></span> <span class='ocrx_word' id='word_1_129' title='bbox 1864 1215 1939 1260; x_wconf 85' lang='lat' dir='ltr'><strong>est,</strong></span> <span class='ocrx_word' id='word_1_130' title='bbox 1976 1208 2219 1249; x_wconf 79' lang='lat' dir='ltr'><strong>attribuunt</strong></span> <span class='ocrx_word' id='word_1_131' title='bbox 2254 1210 2374 1261; x_wconf 85' lang='lat' dir='ltr'><strong>agri,</strong></span> <span class='ocrx_word' id='word_1_132' title='bbox 2412 1219 2540 1265; x_wconf 79' lang='lat' dir='ltr'><strong>atque</strong></span> 
     </span>
     <span class='ocr_line' id='line_1_14' title="bbox 315 1287 2540 1356; baseline 0.002 -22"><span class='ocrx_word' id='word_1_133' title='bbox 315 1307 427 1334; x_wconf 85' lang='lat' dir='ltr'><strong>anno</strong></span> <span class='ocrx_word' id='word_1_134' title='bbox 455 1302 557 1347; x_wconf 79' lang='lat' dir='ltr'><strong>post</strong></span> <span class='ocrx_word' id='word_1_135' title='bbox 593 1295 677 1335; x_wconf 78' lang='lat' dir='ltr'><strong>alio</strong></span> <span class='ocrx_word' id='word_1_136' title='bbox 711 1297 892 1336; x_wconf 83' lang='lat' dir='ltr'><strong>transire</strong></span> <span class='ocrx_word' id='word_1_137' title='bbox 926 1303 1101 1344; x_wconf 78' lang='lat' dir='ltr'><strong>cogunt.</strong></span> <span class='ocrx_word' id='word_1_138' title='bbox 1179 1290 1340 1353; x_wconf 83' lang='lat' dir='ltr'><strong>Ergo,</strong></span> <span class='ocrx_word' id='word_1_139' title='bbox 1389 1288 1503 1354; x_wconf 88' lang='lat' dir='ltr'><strong>quia</strong></span> <span class='ocrx_word' id='word_1_140' title='bbox 1547 1287 1683 1336; x_wconf 86' lang='lat' dir='ltr'><strong>nulla</strong></span> <span class='ocrx_word' id='word_1_141' title='bbox 1725 1300 1964 1354; x_wconf 85' lang='lat' dir='ltr'><strong>perpetua</strong></span> <span class='ocrx_word' id='word_1_142' title='bbox 2008 1290 2288 1355; x_wconf 90' lang='lat' dir='ltr'><strong>possessio,</strong></span> <span class='ocrx_word' id='word_1_143' title='bbox 2335 1302 2384 1338; x_wconf 93' lang='lat' dir='ltr'><strong>et</strong></span> <span class='ocrx_word' id='word_1_144' title='bbox 2417 1308 2540 1356; x_wconf 85' lang='lat' dir='ltr'><strong>quo·</strong></span> 
     </span>
     <span class='ocr_line' id='line_1_15' title="bbox 313 1374 2543 1442; baseline 0.001 -19"><span class='ocrx_word' id='word_1_145' title='bbox 313 1375 476 1423; x_wconf 86' lang='lat' dir='ltr'><strong>tannis</strong></span> <span class='ocrx_word' id='word_1_146' title='bbox 509 1374 632 1424; x_wconf 86' lang='lat' dir='ltr'><strong>alius</strong></span> <span class='ocrx_word' id='word_1_147' title='bbox 667 1374 821 1424; x_wconf 88' lang='lat' dir='ltr'><strong>tribus</strong></span> <span class='ocrx_word' id='word_1_148' title='bbox 855 1375 1281 1442; x_wconf 83' lang='lat' dir='ltr'><strong>patrisvefamilias</strong></span> <span class='ocrx_word' id='word_1_149' title='bbox 1316 1375 1368 1424; x_wconf 90' lang='lat' dir='ltr'><strong>in</strong></span> <span class='ocrx_word' id='word_1_150' title='bbox 1400 1375 1600 1424; x_wconf 89' lang='lat' dir='ltr'><strong>alterius</strong></span> <span class='ocrx_word' id='word_1_151' title='bbox 1636 1376 1911 1423; x_wconf 87' lang='lat' dir='ltr'><strong>arationem</strong></span> <span class='ocrx_word' id='word_1_152' title='bbox 1945 1377 2210 1433; x_wconf 87' lang='lat' dir='ltr'><strong>successio,</strong></span> <span class='ocrx_word' id='word_1_153' title='bbox 2249 1380 2410 1424; x_wconf 85' lang='lat' dir='ltr'><strong>vices.“</strong></span> <span class='ocrx_word' id='word_1_154' title='bbox 2477 1380 2543 1426; x_wconf 92' lang='lat' dir='ltr'><strong>At</strong></span> 
     </span>
     <span class='ocr_line' id='line_1_16' title="bbox 312 1460 2541 1527; baseline 0 -19"><span class='ocrx_word' id='word_1_155' title='bbox 312 1463 521 1527; x_wconf 87' lang='lat' dir='ltr'><strong>primum</strong></span> <span class='ocrx_word' id='word_1_156' title='bbox 567 1480 624 1509; x_wconf 82' lang='lat' dir='ltr'><strong>ex</strong></span> <span class='ocrx_word' id='word_1_157' title='bbox 670 1463 893 1510; x_wconf 86' lang='lat' dir='ltr'><strong>Caesaris</strong></span> <span class='ocrx_word' id='word_1_158' title='bbox 939 1463 1101 1512; x_wconf 75' lang='lat' dir='ltr'><strong>verbis</strong></span> <span class='ocrx_word' id='word_1_159' title='bbox 1150 1462 1277 1523; x_wconf 75' lang='lat' dir='ltr'><strong>atque</strong></span> <span class='ocrx_word' id='word_1_160' title='bbox 1320 1465 1432 1509; x_wconf 70' lang='lat' dir='ltr'><strong>anno</strong></span> <span class='ocrx_word' id='word_1_161' title='bbox 1467 1477 1570 1521; x_wconf 80' lang='lat' dir='ltr'><strong>post</strong></span> <span class='ocrx_word' id='word_1_162' title='bbox 1615 1469 1700 1508; x_wconf 82' lang='lat' dir='ltr'><strong>alio</strong></span> <span class='ocrx_word' id='word_1_163' title='bbox 1735 1460 1919 1509; x_wconf 59' lang='lat' dir='ltr'><strong>t‘ransire</strong></span> <span class='ocrx_word' id='word_1_164' title='bbox 1962 1478 2118 1519; x_wconf 80' lang='lat' dir='ltr'><strong>cogunt</strong></span> <span class='ocrx_word' id='word_1_165' title='bbox 2160 1462 2243 1526; x_wconf 89' lang='lat' dir='ltr'><strong>(cf.</strong></span> <span class='ocrx_word' id='word_1_166' title='bbox 2281 1466 2350 1515; x_wconf 93' lang='lat' dir='ltr'><strong>IV</strong></span> <span class='ocrx_word' id='word_1_167' title='bbox 2361 1498 2375 1521; x_wconf 88' lang='lat'><strong>,</strong></span> <span class='ocrx_word' id='word_1_168' title='bbox 2418 1474 2434 1517; x_wconf 80' lang='grc'>1</span> <span class='ocrx_word' id='word_1_169' title='bbox 2474 1496 2541 1504; x_wconf 87' lang='lat'><strong>—-</strong></span> 
     </span>
     <span class='ocr_line' id='line_1_17' title="bbox 312 1549 2537 1616; baseline 0 -18"><span class='ocrx_word' id='word_1_170' title='bbox 312 1568 442 1609; x_wconf 82' lang='lat' dir='ltr'><strong>neque</strong></span> <span class='ocrx_word' id='word_1_171' title='bbox 490 1557 653 1606; x_wconf 80' lang='lat' dir='ltr'><strong>longius</strong></span> <span class='ocrx_word' id='word_1_172' title='bbox 700 1569 811 1597; x_wconf 82' lang='lat' dir='ltr'><strong>anno</strong></span> <span class='ocrx_word' id='word_1_173' title='bbox 855 1570 1066 1598; x_wconf 85' lang='lat' dir='ltr'><strong>remanere</strong></span> <span class='ocrx_word' id='word_1_174' title='bbox 1112 1570 1193 1597; x_wconf 89' lang='lat' dir='ltr'><strong>uno</strong></span> <span class='ocrx_word' id='word_1_175' title='bbox 1246 1558 1289 1597; x_wconf 89' lang='lat' dir='ltr'><strong>in</strong></span> <span class='ocrx_word' id='word_1_176' title='bbox 1334 1557 1424 1597; x_wconf 87' lang='lat' dir='ltr'><strong>loco</strong></span> <span class='ocrx_word' id='word_1_177' title='bbox 1459 1555 1668 1596; x_wconf 83' lang='lat' dir='ltr'><strong>incolendi</strong></span> <span class='ocrx_word' id='word_1_178' title='bbox 1712 1569 1842 1598; x_wconf 83' lang='lat' dir='ltr'><strong>causa</strong></span> <span class='ocrx_word' id='word_1_179' title='bbox 1886 1549 2005 1613; x_wconf 84' lang='lat' dir='ltr'><strong>licet)</strong></span> <span class='ocrx_word' id='word_1_180' title='bbox 2053 1550 2251 1598; x_wconf 78' lang='lat' dir='ltr'><strong>minime</strong></span> <span class='ocrx_word' id='word_1_181' title='bbox 2298 1552 2537 1616; x_wconf 83' lang='lat' dir='ltr'><strong>sequitur,</strong></span> 
     </span>
     <span class='ocr_line' id='line_1_18' title="bbox 313 1636 2540 1699; baseline 0.002 -16"><span class='ocrx_word' id='word_1_182' title='bbox 313 1636 459 1683; x_wconf 89' lang='lat' dir='ltr'><strong>alium</strong></span> <span class='ocrx_word' id='word_1_183' title='bbox 509 1638 560 1683; x_wconf 92' lang='lat' dir='ltr'><strong>in</strong></span> <span class='ocrx_word' id='word_1_184' title='bbox 609 1636 807 1685; x_wconf 89' lang='lat' dir='ltr'><strong>alterius</strong></span> <span class='ocrx_word' id='word_1_185' title='bbox 851 1638 1122 1686; x_wconf 86' lang='lat' dir='ltr'><strong>arationem</strong></span> <span class='ocrx_word' id='word_1_186' title='bbox 1164 1637 1464 1686; x_wconf 90' lang='lat' dir='ltr'><strong>successisse</strong></span> <span class='ocrx_word' id='word_1_187' title='bbox 1475 1655 1490 1699; x_wconf 80' lang='lat'>3</span> <span class='ocrx_word' id='word_1_188' title='bbox 1542 1637 1744 1685; x_wconf 86' lang='lat' dir='ltr'><strong>deinde.</strong></span> <span class='ocrx_word' id='word_1_189' title='bbox 1794 1638 1836 1684; x_wconf 91' lang='lat' dir='ltr'><strong>si</strong></span> <span class='ocrx_word' id='word_1_190' title='bbox 1870 1637 1922 1684; x_wconf 93' lang='lat' dir='ltr'><strong>id</strong></span> <span class='ocrx_word' id='word_1_191' title='bbox 1968 1637 2374 1692; x_wconf 87' lang='lat' dir='ltr'><strong>concederemus,</strong></span> <span class='ocrx_word' id='word_1_192' title='bbox 2420 1641 2540 1687; x_wconf 75' lang='lat' dir='ltr'><strong>Tac.</strong></span> 
     </span>
     <span class='ocr_line' id='line_1_19' title="bbox 310 1724 2536 1791; baseline 0.001 -20"><span class='ocrx_word' id='word_1_193' title='bbox 310 1724 440 1772; x_wconf 89' lang='lat' dir='ltr'><strong>idem</strong></span> <span class='ocrx_word' id='word_1_194' title='bbox 471 1724 548 1772; x_wconf 83' lang='lat' dir='ltr'><strong>his</strong></span> <span class='ocrx_word' id='word_1_195' title='bbox 584 1724 810 1783; x_wconf 83' lang='lat' dir='ltr'><strong>dixisset,</strong></span> <span class='ocrx_word' id='word_1_196' title='bbox 863 1743 1012 1791; x_wconf 86' lang='lat' dir='ltr'><strong>quum</strong></span> <span class='ocrx_word' id='word_1_197' title='bbox 1047 1724 1175 1772; x_wconf 84' lang='lat' dir='ltr'><strong>infra</strong></span> <span class='ocrx_word' id='word_1_198' title='bbox 1209 1724 1341 1773; x_wconf 88' lang='lat' dir='ltr'><strong>dicat</strong></span> <span class='ocrx_word' id='word_1_199' title='bbox 1376 1742 1484 1772; x_wconf 82' lang='lat' dir='ltr'><strong>arva</strong></span> <span class='ocrx_word' id='word_1_200' title='bbox 1509 1745 1590 1786; x_wconf 80' lang='lat' dir='ltr'><strong>per</strong></span> <span class='ocrx_word' id='word_1_201' title='bbox 1612 1743 1745 1772; x_wconf 83' lang='lat' dir='ltr'><strong>annos</strong></span> <span class='ocrx_word' id='word_1_202' title='bbox 1779 1738 1950 1771; x_wconf 81' lang='lat' dir='ltr'><strong>mutant</strong></span> <span class='ocrx_word' id='word_1_203' title='bbox 1959 1752 1975 1782; x_wconf 87' lang='lat'><strong>,-</strong></span> <span class='ocrx_word' id='word_1_204' title='bbox 2010 1736 2139 1782; x_wconf 90' lang='lat' dir='ltr'><strong>tum,</strong></span> <span class='ocrx_word' id='word_1_205' title='bbox 2176 1727 2292 1772; x_wconf 89' lang='lat' dir='ltr'><strong>Tac.</strong></span> <span class='ocrx_word' id='word_1_206' title='bbox 2328 1742 2429 1772; x_wconf 91' lang='lat' dir='ltr'><strong>non</strong></span> <span class='ocrx_word' id='word_1_207' title='bbox 2463 1725 2536 1773; x_wconf 89' lang='lat' dir='ltr'><strong>di-</strong></span> 
     </span>
     <span class='ocr_line' id='line_1_20' title="bbox 308 1812 2533 1879; baseline 0.002 -22"><span class='ocrx_word' id='word_1_208' title='bbox 308 1812 459 1858; x_wconf 80' lang='lat' dir='ltr'><strong>xisset</strong></span> <span class='ocrx_word' id='word_1_209' title='bbox 500 1820 731 1869; x_wconf 84' lang='lat' dir='ltr'><strong>universis,</strong></span> <span class='ocrx_word' id='word_1_210' title='bbox 787 1813 875 1859; x_wconf 92' lang='lat' dir='ltr'><strong>sed</strong></span> <span class='ocrx_word' id='word_1_211' title='bbox 918 1818 1107 1858; x_wconf 85' lang='lat' dir='ltr'><strong>omnibus</strong></span> <span class='ocrx_word' id='word_1_212' title='bbox 1147 1813 1223 1861; x_wconf 81' lang='lat' dir='ltr'><strong>vel</strong></span> <span class='ocrx_word' id='word_1_213' title='bbox 1269 1813 1451 1860; x_wconf 86' lang='lat' dir='ltr'><strong>rectius</strong></span> <span class='ocrx_word' id='word_1_214' title='bbox 1497 1822 1575 1870; x_wconf 86' lang='lat' dir='ltr'><strong>iis,·</strong></span> <span class='ocrx_word' id='word_1_215' title='bbox 1624 1825 1827 1878; x_wconf 89' lang='lat' dir='ltr'><strong>postea,</strong></span> <span class='ocrx_word' id='word_1_216' title='bbox 1875 1813 1996 1877; x_wconf 86' lang='lat' dir='ltr'><strong>quid</strong></span> <span class='ocrx_word' id='word_1_217' title='bbox 2039 1812 2135 1859; x_wconf 89' lang='lat' dir='ltr'><strong>sibi</strong></span> <span class='ocrx_word' id='word_1_218' title='bbox 2181 1813 2281 1860; x_wconf 72' lang='lat' dir='ltr'><strong>vult</strong></span> <span class='ocrx_word' id='word_1_219' title='bbox 2323 1831 2533 1879; x_wconf 84' lang='lat' dir='ltr'><strong>sequens</strong></span> 
     </span>
     <span class='ocr_line' id='line_1_21' title="bbox 307 1898 2532 1962; baseline 0.004 -19"><span class='ocrx_word' id='word_1_220' title='bbox 307 1916 408 1958; x_wconf 84' lang='lat' dir='ltr'><strong>quos</strong></span> <span class='ocrx_word' id='word_1_221' title='bbox 440 1916 537 1944; x_wconf 91' lang='lat' dir='ltr'><strong>mox</strong></span> <span class='ocrx_word' id='word_1_222' title='bbox 586 1908 696 1946; x_wconf 82' lang='lat' dir='ltr'><strong>inter</strong></span> <span class='ocrx_word' id='word_1_223' title='bbox 739 1919 781 1946; x_wconf 86' lang='lat' dir='ltr'><strong>se</strong></span> <span class='ocrx_word' id='word_1_224' title='bbox 815 1918 893 1946; x_wconf 89' lang='lat' dir='ltr'><strong>sec.</strong></span> <span class='ocrx_word' id='word_1_225' title='bbox 931 1907 1048 1955; x_wconf 79' lang='lat' dir='ltr'><strong>dign.</strong></span> <span class='ocrx_word' id='word_1_226' title='bbox 1079 1907 1227 1958; x_wconf 61' lang='lat' dir='ltr'><strong>part..e&gt;</strong></span> <span class='ocrx_word' id='word_1_227' title='bbox 1282 1900 1701 1946; x_wconf 82' lang='lat' dir='ltr'><strong>Transferendum</strong></span> <span class='ocrx_word' id='word_1_228' title='bbox 1734 1900 1885 1962; x_wconf 84' lang='lat' dir='ltr'><strong>igitur</strong></span> <span class='ocrx_word' id='word_1_229' title='bbox 1918 1912 2019 1946; x_wconf 87' lang='lat' dir='ltr'><strong>est:</strong></span> <span class='ocrx_word' id='word_1_230' title='bbox 2069 1899 2133 1946; x_wconf 75' lang='lat' dir='ltr'><strong>bic</strong></span> <span class='ocrx_word' id='word_1_231' title='bbox 2178 1898 2323 1948; x_wconf 63' lang='grc' dir='ltr'><strong>ἳίεᾶετ</strong></span> <span class='ocrx_word' id='word_1_232' title='bbox 2366 1904 2532 1952; x_wconf 67' lang='lat' dir='ltr'><strong>werhen</strong></span> 
     </span>
     <span class='ocr_line' id='line_1_22' title="bbox 305 1984 2533 2048; baseline 0.003 -16"><span class='ocrx_word' id='word_1_233' title='bbox 305 1986 406 2046; x_wconf 72' lang='lat' dir='ltr'><strong>aad)</strong></span> <span class='ocrx_word' id='word_1_234' title='bbox 443 1988 515 2033; x_wconf 79' lang='lat' dir='ltr'><strong>bet</strong></span> <span class='ocrx_word' id='word_1_235' title='bbox 548 1987 661 2047; x_wconf 61' lang='lat' dir='ltr'><strong>subt</strong></span> <span class='ocrx_word' id='word_1_236' title='bbox 697 1989 769 2034; x_wconf 76' lang='lat' dir='ltr'><strong>bet</strong></span> <span class='ocrx_word' id='word_1_237' title='bbox 804 1988 1008 2035; x_wconf 74' lang='lat' dir='ltr'><strong>2snbauet</strong></span> <span class='ocrx_word' id='word_1_238' title='bbox 1041 2000 1129 2035; x_wconf 76' lang='lat' dir='ltr'><strong>von</strong></span> <span class='ocrx_word' id='word_1_239' title='bbox 1164 1999 1324 2047; x_wconf 62' lang='lat' dir='ltr'><strong>gangen</strong></span> <span class='ocrx_word' id='word_1_240' title='bbox 1361 1984 1623 2034; x_wconf 64' lang='lat' dir='ltr'><strong>&amp;emeinben</strong></span> <span class='ocrx_word' id='word_1_241' title='bbox 1658 1987 1704 2035; x_wconf 79' lang='lat' dir='ltr'><strong>in</strong></span> <span class='ocrx_word' id='word_1_242' title='bbox 1732 1987 1869 2046; x_wconf 59' lang='lat' dir='ltr'><strong>§Bcst&#39;ss</strong></span> <span class='ocrx_word' id='word_1_243' title='bbox 1905 1999 2180 2048; x_wconf 69' lang='lat' dir='ltr'><strong>genommen,</strong></span> <span class='ocrx_word' id='word_1_244' title='bbox 2224 1988 2289 2036; x_wconf 76' lang='lat' dir='ltr'><strong>bie</strong></span> <span class='ocrx_word' id='word_1_245' title='bbox 2325 1987 2379 2048; x_wconf 70' lang='lat' dir='ltr'><strong>sie</strong></span> <span class='ocrx_word' id='word_1_246' title='bbox 2415 1991 2533 2039; x_wconf 70' lang='lat' dir='ltr'><strong>bana</strong></span> 
     </span>
     <span class='ocr_line' id='line_1_23' title="bbox 303 2070 2532 2139; baseline 0.002 -18"><span class='ocrx_word' id='word_1_247' title='bbox 303 2073 405 2132; x_wconf 67' lang='lat' dir='ltr'><strong>aad)</strong></span> <span class='ocrx_word' id='word_1_248' title='bbox 439 2074 550 2121; x_wconf 64' lang='lat' dir='ltr'><strong>tinet</strong></span> <span class='ocrx_word' id='word_1_249' title='bbox 585 2070 831 2134; x_wconf 58' lang='grc' dir='ltr'><strong>ῧῴὰξαης</strong></span> <span class='ocrx_word' id='word_1_250' title='bbox 865 2079 989 2122; x_wconf 79' lang='lat' dir='ltr'><strong>untet</strong></span> <span class='ocrx_word' id='word_1_251' title='bbox 1021 2072 1096 2134; x_wconf 70' lang='lat' dir='ltr'><strong>sid)</strong></span> <span class='ocrx_word' id='word_1_252' title='bbox 1131 2073 1380 2135; x_wconf 65' lang='lat' dir='ltr'><strong>vettlyeilen.</strong></span> <span class='ocrx_word' id='word_1_253' title='bbox 1462 2073 1726 2121; x_wconf 81' lang='lat' dir='ltr'><strong>Universus</strong></span> <span class='ocrx_word' id='word_1_254' title='bbox 1765 2074 1974 2139; x_wconf 85' lang='lat' dir='ltr'><strong>quisque</strong></span> <span class='ocrx_word' id='word_1_255' title='bbox 2009 2073 2144 2120; x_wconf 79' lang='lat' dir='ltr'><strong>vicus</strong></span> <span class='ocrx_word' id='word_1_256' title='bbox 2180 2074 2283 2122; x_wconf 82' lang='lat' dir='ltr'><strong>sive</strong></span> <span class='ocrx_word' id='word_1_257' title='bbox 2318 2076 2532 2126; x_wconf 86' lang='lat' dir='ltr'><strong>cultores</strong></span> 
     </span>
     <span class='ocr_line' id='line_1_24' title="bbox 304 2155 2530 2227; baseline 0.002 -20"><span class='ocrx_word' id='word_1_258' title='bbox 304 2161 541 2225; x_wconf 86' lang='lat' dir='ltr'><strong>cuiusque</strong></span> <span class='ocrx_word' id='word_1_259' title='bbox 576 2161 671 2210; x_wconf 86' lang='lat' dir='ltr'><strong>vici</strong></span> <span class='ocrx_word' id='word_1_260' title='bbox 706 2177 848 2225; x_wconf 85' lang='lat' dir='ltr'><strong>agros</strong></span> <span class='ocrx_word' id='word_1_261' title='bbox 892 2155 1023 2209; x_wconf 79' lang='lat' dir='ltr'><strong>&#39;inter</strong></span> <span class='ocrx_word' id='word_1_262' title='bbox 1067 2178 1120 2208; x_wconf 91' lang='lat' dir='ltr'><strong>se</strong></span> <span class='ocrx_word' id='word_1_263' title='bbox 1153 2160 1444 2226; x_wconf 85' lang='lat' dir='ltr'><strong>partiuntur.</strong></span> <span class='ocrx_word' id='word_1_264' title='bbox 1531 2165 1742 2216; x_wconf 76' lang='lat' dir='ltr'><strong>Dignatio</strong></span> <span class='ocrx_word' id='word_1_265' title='bbox 1775 2177 1868 2227; x_wconf 89' lang='lat' dir='ltr'><strong>pro</strong></span> <span class='ocrx_word' id='word_1_266' title='bbox 1903 2177 2107 2208; x_wconf 90' lang='lat' dir='ltr'><strong>numero</strong></span> <span class='ocrx_word' id='word_1_267' title='bbox 2142 2160 2397 2208; x_wconf 89' lang='lat' dir='ltr'><strong>hominum</strong></span> <span class='ocrx_word' id='word_1_268' title='bbox 2431 2166 2530 2211; x_wconf 90' lang='lat' dir='ltr'><strong>cui-</strong></span> 
     </span>
     <span class='ocr_line' id='line_1_25' title="bbox 300 2231 1587 2314; baseline -0.002 -20"><span class='ocrx_word' id='word_1_269' title='bbox 300 2231 457 2313; x_wconf 85' lang='lat' dir='ltr'><strong>usque</strong></span> <span class='ocrx_word' id='word_1_270' title='bbox 489 2247 704 2296; x_wconf 85' lang='lat' dir='ltr'><strong>samiliae</strong></span> <span class='ocrx_word' id='word_1_271' title='bbox 738 2260 788 2296; x_wconf 90' lang='lat' dir='ltr'><strong>et</strong></span> <span class='ocrx_word' id='word_1_272' title='bbox 818 2265 911 2314; x_wconf 89' lang='lat' dir='ltr'><strong>pro</strong></span> <span class='ocrx_word' id='word_1_273' title='bbox 947 2248 1042 2295; x_wconf 92' lang='lat' dir='ltr'><strong>soli</strong></span> <span class='ocrx_word' id='word_1_274' title='bbox 1076 2247 1298 2296; x_wconf 85' lang='lat' dir='ltr'><strong>bonit-ate</strong></span> <span class='ocrx_word' id='word_1_275' title='bbox 1330 2247 1464 2294; x_wconf 87' lang='lat' dir='ltr'><strong>sacta</strong></span> <span class='ocrx_word' id='word_1_276' title='bbox 1499 2258 1587 2293; x_wconf 84' lang='lat' dir='ltr'><strong>est.</strong></span> 
     </span>
    </p>

    <p class='ocr_par' dir='ltr' id='par_1_6' title="bbox 295 2333 2527 3274">
     <span class='ocr_line' id='line_1_26' title="bbox 498 2333 2527 2401; baseline -0 -17"><span class='ocrx_word' id='word_1_277' title='bbox 498 2335 785 2384; x_wconf 89' lang='lat' dir='ltr'><strong>Lectionem</strong></span> <span class='ocrx_word' id='word_1_278' title='bbox 817 2340 959 2382; x_wconf 80' lang='lat' dir='ltr'><strong>labore</strong></span> <span class='ocrx_word' id='word_1_279' title='bbox 993 2333 1221 2383; x_wconf 81' lang='lat' dir='ltr'><strong>exhibent</strong></span> <span class='ocrx_word' id='word_1_280' title='bbox 1255 2334 1399 2383; x_wconf 90' lang='lat' dir='ltr'><strong>codd.</strong></span> <span class='ocrx_word' id='word_1_281' title='bbox 1436 2335 1656 2393; x_wconf 88' lang='lat' dir='ltr'><strong>Humm.,</strong></span> <span class='ocrx_word' id='word_1_282' title='bbox 1689 2337 1870 2401; x_wconf 60' lang='lat' dir='ltr'><strong>Long„</strong></span> <span class='ocrx_word' id='word_1_283' title='bbox 1908 2337 2109 2401; x_wconf 82' lang='lat' dir='ltr'><strong>Stuttg.,</strong></span> <span class='ocrx_word' id='word_1_284' title='bbox 2145 2336 2255 2383; x_wconf 90' lang='lat' dir='ltr'><strong>edd.</strong></span> <span class='ocrx_word' id='word_1_285' title='bbox 2291 2338 2527 2395; x_wconf 88' lang='lat' dir='ltr'><strong>Norimb.,</strong></span> 
     </span>
     <span class='ocr_line' id='line_1_27' title="bbox 300 2417 2527 2490; baseline 0 -17"><span class='ocrx_word' id='word_1_286' title='bbox 300 2427 457 2473; x_wconf 88' lang='lat' dir='ltr'><strong>Rhen.</strong></span> <span class='ocrx_word' id='word_1_287' title='bbox 493 2424 624 2480; x_wconf 67' lang='lat' dir='ltr'><strong>mai„</strong></span> <span class='ocrx_word' id='word_1_288' title='bbox 659 2423 786 2481; x_wconf 72' lang='lat' dir='ltr'><strong>Met,</strong></span> <span class='ocrx_word' id='word_1_289' title='bbox 822 2425 952 2481; x_wconf 61' lang='lat' dir='ltr'><strong>Par„</strong></span> <span class='ocrx_word' id='word_1_290' title='bbox 987 2439 1111 2488; x_wconf 84' lang='lat' dir='ltr'><strong>quae</strong></span> <span class='ocrx_word' id='word_1_291' title='bbox 1135 2441 1231 2470; x_wconf 91' lang='lat' dir='ltr'><strong>una</strong></span> <span class='ocrx_word' id='word_1_292' title='bbox 1262 2440 1376 2471; x_wconf 84' lang='lat' dir='ltr'><strong>vera</strong></span> <span class='ocrx_word' id='word_1_293' title='bbox 1411 2423 1646 2471; x_wconf 89' lang='lat' dir='ltr'><strong>ducenda.</strong></span> <span class='ocrx_word' id='word_1_294' title='bbox 1714 2424 1942 2471; x_wconf 69' lang='lat' dir='ltr'><strong>Editor-es</strong></span> <span class='ocrx_word' id='word_1_295' title='bbox 1976 2417 2174 2490; x_wconf 88' lang='lat' dir='ltr'><strong>quidem</strong></span> <span class='ocrx_word' id='word_1_296' title='bbox 2208 2442 2375 2473; x_wconf 87' lang='lat' dir='ltr'><strong>omnes</strong></span> <span class='ocrx_word' id='word_1_297' title='bbox 2409 2444 2527 2474; x_wconf 93' lang='lat' dir='ltr'><strong>con-</strong></span> 
     </span>
     <span class='ocr_line' id='line_1_28' title="bbox 299 2510 2526 2576; baseline -0 -15"><span class='ocrx_word' id='word_1_298' title='bbox 299 2514 536 2571; x_wconf 78' lang='lat' dir='ltr'><strong>clamant,</strong></span> <span class='ocrx_word' id='word_1_299' title='bbox 574 2512 787 2576; x_wconf 89' lang='lat' dir='ltr'><strong>optimos</strong></span> <span class='ocrx_word' id='word_1_300' title='bbox 821 2511 967 2558; x_wconf 82' lang='lat' dir='ltr'><strong>codd.</strong></span> <span class='ocrx_word' id='word_1_301' title='bbox 1002 2510 1183 2558; x_wconf 87' lang='lat' dir='ltr'><strong>habere</strong></span> <span class='ocrx_word' id='word_1_302' title='bbox 1216 2517 1408 2558; x_wconf 81' lang='lat' dir='ltr'><strong>laborare</strong></span> <span class='ocrx_word' id='word_1_303' title='bbox 1419 2538 1435 2567; x_wconf 87' lang='lat'><strong>,-</strong></span> <span class='ocrx_word' id='word_1_304' title='bbox 1484 2523 1535 2558; x_wconf 87' lang='lat' dir='ltr'><strong>at</strong></span> <span class='ocrx_word' id='word_1_305' title='bbox 1569 2528 1656 2558; x_wconf 90' lang='lat' dir='ltr'><strong>cur</strong></span> <span class='ocrx_word' id='word_1_306' title='bbox 1689 2523 1885 2576; x_wconf 89' lang='lat' dir='ltr'><strong>praeter</strong></span> <span class='ocrx_word' id='word_1_307' title='bbox 1918 2514 2057 2569; x_wconf 72' lang='lat' dir='ltr'><strong>Tun,</strong></span> <span class='ocrx_word' id='word_1_308' title='bbox 2102 2530 2202 2560; x_wconf 90' lang='lat' dir='ltr'><strong>non</strong></span> <span class='ocrx_word' id='word_1_309' title='bbox 2235 2513 2526 2560; x_wconf 86' lang='lat' dir='ltr'><strong>nominatim</strong></span> 
     </span>
     <span class='ocr_line' id='line_1_29' title="bbox 300 2596 2524 2664; baseline -0 -15"><span class='ocrx_word' id='word_1_310' title='bbox 300 2616 385 2649; x_wconf 90' lang='lat' dir='ltr'><strong>eos</strong></span> <span class='ocrx_word' id='word_1_311' title='bbox 418 2596 678 2647; x_wconf 80' lang='lat' dir='ltr'><strong>indicant?</strong></span> <span class='ocrx_word' id='word_1_312' title='bbox 712 2596 830 2645; x_wconf 86' lang='lat' dir='ltr'><strong>Inde</strong></span> <span class='ocrx_word' id='word_1_313' title='bbox 864 2616 894 2647; x_wconf 89' lang='lat' dir='ltr'><strong>a</strong></span> <span class='ocrx_word' id='word_1_314' title='bbox 928 2598 1182 2656; x_wconf 83' lang='lat' dir='ltr'><strong>Rhenano,</strong></span> <span class='ocrx_word' id='word_1_315' title='bbox 1219 2614 1513 2664; x_wconf 81' lang='lat' dir='ltr'><strong>quamquam</strong></span> <span class='ocrx_word' id='word_1_316' title='bbox 1546 2598 1598 2646; x_wconf 88' lang='lat' dir='ltr'><strong>in</strong></span> <span class='ocrx_word' id='word_1_317' title='bbox 1631 2597 1742 2646; x_wconf 89' lang='lat' dir='ltr'><strong>edd.</strong></span> <span class='ocrx_word' id='word_1_318' title='bbox 1778 2611 1889 2647; x_wconf 79' lang='lat' dir='ltr'><strong>vett.</strong></span> <span class='ocrx_word' id='word_1_319' title='bbox 1925 2599 2100 2663; x_wconf 84' lang='lat' dir='ltr'><strong>legitur</strong></span> <span class='ocrx_word' id='word_1_320' title='bbox 2136 2605 2340 2656; x_wconf 79' lang='lat' dir='ltr'><strong>laborare,</strong></span> <span class='ocrx_word' id='word_1_321' title='bbox 2375 2616 2524 2648; x_wconf 92' lang='lat' dir='ltr'><strong>sensu</strong></span> 
     </span>
     <span class='ocr_line' id='line_1_30' title="bbox 301 2684 2525 2752; baseline 0 -18"><span class='ocrx_word' id='word_1_322' title='bbox 301 2685 513 2751; x_wconf 88' lang='lat' dir='ltr'><strong>quodam</strong></span> <span class='ocrx_word' id='word_1_323' title='bbox 546 2685 671 2732; x_wconf 87' lang='lat' dir='ltr'><strong>recti</strong></span> <span class='ocrx_word' id='word_1_324' title='bbox 689 2701 859 2732; x_wconf 91' lang='lat' dir='ltr'><strong>omnes</strong></span> <span class='ocrx_word' id='word_1_325' title='bbox 879 2684 982 2732; x_wconf 86' lang='lat' dir='ltr'><strong>fere</strong></span> <span class='ocrx_word' id='word_1_326' title='bbox 1001 2685 1216 2740; x_wconf 86' lang='lat' dir='ltr'><strong>editores</strong></span> <span class='ocrx_word' id='word_1_327' title='bbox 1236 2686 1492 2749; x_wconf 81' lang='lat' dir='ltr'><strong>vulgarunt</strong></span> <span class='ocrx_word' id='word_1_328' title='bbox 1525 2692 1681 2742; x_wconf 78' lang='lat' dir='ltr'><strong>labore,</strong></span> <span class='ocrx_word' id='word_1_329' title='bbox 1714 2703 1868 2751; x_wconf 88' lang='lat' dir='ltr'><strong>usque</strong></span> <span class='ocrx_word' id='word_1_330' title='bbox 1903 2688 1966 2733; x_wconf 89' lang='lat' dir='ltr'><strong>ad</strong></span> <span class='ocrx_word' id='word_1_331' title='bbox 1998 2686 2279 2732; x_wconf 76' lang='lat' dir='ltr'><strong>Passovium</strong></span> <span class='ocrx_word' id='word_1_332' title='bbox 2314 2686 2401 2747; x_wconf 85' lang='lat' dir='ltr'><strong>(et,</strong></span> <span class='ocrx_word' id='word_1_333' title='bbox 2439 2690 2525 2752; x_wconf 86' lang='lat' dir='ltr'><strong>qui</strong></span> 
     </span>
     <span class='ocr_line' id='line_1_31' title="bbox 297 2771 2522 2840; baseline 0.001 -21"><span class='ocrx_word' id='word_1_334' title='bbox 297 2773 379 2821; x_wconf 86' lang='lat' dir='ltr'><strong>hic</strong></span> <span class='ocrx_word' id='word_1_335' title='bbox 410 2785 465 2821; x_wconf 87' lang='lat' dir='ltr'><strong>ut</strong></span> <span class='ocrx_word' id='word_1_336' title='bbox 497 2772 746 2819; x_wconf 87' lang='lat' dir='ltr'><strong>nonnullis</strong></span> <span class='ocrx_word' id='word_1_337' title='bbox 794 2771 901 2819; x_wconf 83' lang='lat' dir='ltr'><strong>aliis</strong></span> <span class='ocrx_word' id='word_1_338' title='bbox 934 2772 1060 2820; x_wconf 87' lang='lat' dir='ltr'><strong>locis</strong></span> <span class='ocrx_word' id='word_1_339' title='bbox 1093 2790 1195 2821; x_wconf 89' lang='lat' dir='ltr'><strong>non</strong></span> <span class='ocrx_word' id='word_1_340' title='bbox 1239 2773 1511 2821; x_wconf 89' lang='lat' dir='ltr'><strong>debuerunt</strong></span> <span class='ocrx_word' id='word_1_341' title='bbox 1546 2773 1688 2838; x_wconf 88' lang='lat' dir='ltr'><strong>sequi</strong></span> <span class='ocrx_word' id='word_1_342' title='bbox 1723 2773 2062 2820; x_wconf 88' lang='lat' dir='ltr'><strong>auctoritatem</strong></span> <span class='ocrx_word' id='word_1_343' title='bbox 2104 2771 2233 2828; x_wconf 88' lang='lat' dir='ltr'><strong>eius,</strong></span> <span class='ocrx_word' id='word_1_344' title='bbox 2284 2772 2522 2840; x_wconf 68' lang='lat' dir='ltr'><strong>Dilthey„</strong></span> 
     </span>
     <span class='ocr_line' id='line_1_32' title="bbox 296 2857 2524 2924; baseline 0 -16"><span class='ocrx_word' id='word_1_345' title='bbox 296 2860 459 2918; x_wconf 89' lang='lat' dir='ltr'><strong>Hess.,</strong></span> <span class='ocrx_word' id='word_1_346' title='bbox 493 2858 773 2917; x_wconf 67' lang='lat' dir='ltr'><strong>Guenther„</strong></span> <span class='ocrx_word' id='word_1_347' title='bbox 809 2858 968 2916; x_wconf 85' lang='lat' dir='ltr'><strong>alios),</strong></span> <span class='ocrx_word' id='word_1_348' title='bbox 1006 2858 1091 2924; x_wconf 85' lang='lat' dir='ltr'><strong>qui</strong></span> <span class='ocrx_word' id='word_1_349' title='bbox 1110 2865 1305 2908; x_wconf 81' lang='lat' dir='ltr'><strong>laborare</strong></span> <span class='ocrx_word' id='word_1_350' title='bbox 1331 2860 1410 2908; x_wconf 87' lang='lat' dir='ltr'><strong>his</strong></span> <span class='ocrx_word' id='word_1_351' title='bbox 1442 2860 1602 2909; x_wconf 82' lang='lat' dir='ltr'><strong>verbis</strong></span> <span class='ocrx_word' id='word_1_352' title='bbox 1646 2859 1773 2907; x_wconf 91' lang='lat' dir='ltr'><strong>tueri</strong></span> <span class='ocrx_word' id='word_1_353' title='bbox 1805 2859 1980 2907; x_wconf 81' lang='lat' dir='ltr'><strong>voluit:</strong></span> <span class='ocrx_word' id='word_1_354' title='bbox 2016 2857 2346 2915; x_wconf 83' lang='lat' dir='ltr'><strong>„laborare</strong></span> <span class='ocrx_word' id='word_1_355' title='bbox 2382 2877 2524 2908; x_wconf 91' lang='lat' dir='ltr'><strong>con-</strong></span> 
     </span>
     <span class='ocr_line' id='line_1_33' title="bbox 297 2944 2520 3011; baseline 0 -17"><span class='ocrx_word' id='word_1_356' title='bbox 297 2944 556 2995; x_wconf 87' lang='lat' dir='ltr'><strong>tendere</strong></span> <span class='ocrx_word' id='word_1_357' title='bbox 592 2963 721 2994; x_wconf 92' lang='lat' dir='ltr'><strong>cum</strong></span> <span class='ocrx_word' id='word_1_358' title='bbox 754 2944 1044 2992; x_wconf 84' lang='lat' dir='ltr'><strong>ubertate</strong></span> <span class='ocrx_word' id='word_1_359' title='bbox 1078 2945 1203 2992; x_wconf 88' lang='lat' dir='ltr'><strong>soli</strong></span> <span class='ocrx_word' id='word_1_360' title='bbox 1236 2958 1370 2993; x_wconf 92' lang='lat' dir='ltr'><strong>recte</strong></span> <span class='ocrx_word' id='word_1_361' title='bbox 1405 2947 1586 2993; x_wconf 88' lang='lat' dir='ltr'><strong>dicitur</strong></span> <span class='ocrx_word' id='word_1_362' title='bbox 1617 2963 1738 3011; x_wconf 88' lang='lat' dir='ltr'><strong>pro:</strong></span> <span class='ocrx_word' id='word_1_363' title='bbox 1776 2948 1910 2994; x_wconf 91' lang='lat' dir='ltr'><strong>omni</strong></span> <span class='ocrx_word' id='word_1_364' title='bbox 1932 2946 2153 2993; x_wconf 88' lang='lat' dir='ltr'><strong>adhibita</strong></span> <span class='ocrx_word' id='word_1_365' title='bbox 2183 2948 2520 3005; x_wconf 88' lang='lat' dir='ltr'><strong>contentione,</strong></span> 
     </span>
     <span class='ocr_line' id='line_1_34' title="bbox 296 3030 2521 3098; baseline -0 -15"><span class='ocrx_word' id='word_1_366' title='bbox 296 3036 464 3084; x_wconf 80' lang='lat' dir='ltr'><strong>labore</strong></span> <span class='ocrx_word' id='word_1_367' title='bbox 499 3046 688 3082; x_wconf 88' lang='lat' dir='ltr'><strong>certare</strong></span> <span class='ocrx_word' id='word_1_368' title='bbox 719 3051 831 3082; x_wconf 93' lang='lat' dir='ltr'><strong>cum</strong></span> <span class='ocrx_word' id='word_1_369' title='bbox 860 3032 1081 3081; x_wconf 87' lang='lat' dir='ltr'><strong>ubertate</strong></span> <span class='ocrx_word' id='word_1_370' title='bbox 1117 3030 1234 3089; x_wconf 89' lang='lat' dir='ltr'><strong>soli,</strong></span> <span class='ocrx_word' id='word_1_371' title='bbox 1282 3031 1504 3081; x_wconf 87' lang='lat' dir='ltr'><strong>laborem</strong></span> <span class='ocrx_word' id='word_1_372' title='bbox 1537 3031 1779 3082; x_wconf 84' lang='lat' dir='ltr'><strong>fertilitati</strong></span> <span class='ocrx_word' id='word_1_373' title='bbox 1823 3032 2144 3098; x_wconf 82' lang='lat' dir='ltr'><strong>adaequare.“</strong></span> <span class='ocrx_word' id='word_1_374' title='bbox 2223 3033 2521 3085; x_wconf 81' lang='lat' dir='ltr'><strong>Infinitivum</strong></span> 
     </span>
     <span class='ocr_line' id='line_1_35' title="bbox 297 3120 2522 3186; baseline 0 -17"><span class='ocrx_word' id='word_1_375' title='bbox 297 3129 489 3170; x_wconf 76' lang='lat' dir='ltr'><strong>laborare</strong></span> <span class='ocrx_word' id='word_1_376' title='bbox 524 3120 836 3179; x_wconf 89' lang='lat' dir='ltr'><strong>defensurus,</strong></span> <span class='ocrx_word' id='word_1_377' title='bbox 884 3121 968 3186; x_wconf 83' lang='lat' dir='ltr'><strong>qui</strong></span> <span class='ocrx_word' id='word_1_378' title='bbox 999 3120 1102 3168; x_wconf 92' lang='lat' dir='ltr'><strong>eius</strong></span> <span class='ocrx_word' id='word_1_379' title='bbox 1151 3120 1397 3168; x_wconf 87' lang='lat' dir='ltr'><strong>sententia</strong></span> <span class='ocrx_word' id='word_1_380' title='bbox 1441 3120 1643 3169; x_wconf 88' lang='lat' dir='ltr'><strong>denotat</strong></span> <span class='ocrx_word' id='word_1_381' title='bbox 1674 3126 1815 3168; x_wconf 85' lang='lat' dir='ltr'><strong>labore</strong></span> <span class='ocrx_word' id='word_1_382' title='bbox 1857 3135 2038 3178; x_wconf 83' lang='lat' dir='ltr'><strong>certare,</strong></span> <span class='ocrx_word' id='word_1_383' title='bbox 2083 3122 2235 3170; x_wconf 82' lang='lat' dir='ltr'><strong>verbo</strong></span> <span class='ocrx_word' id='word_1_384' title='bbox 2277 3129 2522 3170; x_wconf 85' lang='lat' dir='ltr'><strong>contendere</strong></span> 
     </span>
     <span class='ocr_line' id='line_1_36' title="bbox 295 3207 2522 3274; baseline -0 -16"><span class='ocrx_word' id='word_1_385' title='bbox 295 3209 550 3259; x_wconf 85' lang='lat' dir='ltr'><strong>notionem</strong></span> <span class='ocrx_word' id='word_1_386' title='bbox 582 3208 764 3257; x_wconf 78' lang='lat' dir='ltr'><strong>inferre</strong></span> <span class='ocrx_word' id='word_1_387' title='bbox 799 3219 998 3260; x_wconf 89' lang='lat' dir='ltr'><strong>coactus</strong></span> <span class='ocrx_word' id='word_1_388' title='bbox 1031 3219 1158 3267; x_wconf 80' lang='lat' dir='ltr'><strong>erat,</strong></span> <span class='ocrx_word' id='word_1_389' title='bbox 1208 3224 1332 3274; x_wconf 83' lang='lat' dir='ltr'><strong>quae</strong></span> <span class='ocrx_word' id='word_1_390' title='bbox 1365 3225 1468 3256; x_wconf 91' lang='lat' dir='ltr'><strong>non</strong></span> <span class='ocrx_word' id='word_1_391' title='bbox 1502 3207 1598 3255; x_wconf 89' lang='lat' dir='ltr'><strong>huc</strong></span> <span class='ocrx_word' id='word_1_392' title='bbox 1630 3207 1766 3256; x_wconf 77' lang='lat' dir='ltr'><strong>facit.</strong></span> <span class='ocrx_word' id='word_1_393' title='bbox 1851 3208 1977 3258; x_wconf 85' lang='lat' dir='ltr'><strong>Nam</strong></span> <span class='ocrx_word' id='word_1_394' title='bbox 2020 3209 2251 3258; x_wconf 87' lang='lat' dir='ltr'><strong>Tacitum</strong></span> <span class='ocrx_word' id='word_1_395' title='bbox 2295 3226 2397 3256; x_wconf 91' lang='lat' dir='ltr'><strong>non</strong></span> <span class='ocrx_word' id='word_1_396' title='bbox 2447 3209 2522 3257; x_wconf 89' lang='lat' dir='ltr'><strong>di-</strong></span> 
     </span>
    </p>
   </div>
   <div class='ocr_carea' id='block_1_6' title="bbox 2580 0 2843 156">
    <p class='ocr_par' dir='ltr' id='par_1_7' title="bbox 2580 0 2843 156">
     <span class='ocr_line' id='line_1_37' title="bbox 2580 0 2843 128; baseline 0 -105"><span class='ocrx_word' id='word_1_397' title='bbox 2580 0 2843 128; x_wconf 50' lang='lat' dir='ltr'><strong>‘fu</strong></span> 
     </span>
     <span class='ocr_line' id='line_1_38' title="bbox 2767 113 2784 132; baseline 0 0"><span class='ocrx_word' id='word_1_398' title='bbox 2767 113 2784 132; x_wconf 71' lang='grc' dir='ltr'><em>Τ</em></span> 
     </span>
     <span class='ocr_line' id='line_1_39' title="bbox 2798 133 2843 156; baseline 0 -18"><span class='ocrx_word' id='word_1_399' title='bbox 2798 136 2818 156; x_wconf 36' lang='grc' dir='ltr'><strong>,ἥ</strong></span> <span class='ocrx_word' id='word_1_400' title='bbox 2835 133 2843 149; x_wconf 57' lang='lat'><strong>¹</strong></span> 
     </span>
    </p>
   </div>
  </div>
 </body>
</html>
